3064 5036
659 353 828 428 Conspectus
847 353 910 414 libri
928 355 989 412 Vll.

459 558 579 629 ptatibus
599 557 706 622 versari,
726 576 757 613 ae
777 565 969 630 temperantem
980 565 1006 612 et
1016 558 1245 629 intemperantem,
1266 557 1313 612 aed
1334 556 1387 612 alio

460 639 551 693 modo.
574 641 599 704 S.
620 633 703 694 4-6.

411 734 430 773 e.
462 718 517 780 Qui
536 719 619 772 nimio
640 717 730 773 studio
757 720 925 790 persequitur
951 721 1099 790 voluptates
1124 725 1220 772 natura
1245 717 1389 790 optabiles,

458 817 512 853 non
534 808 623 853 autem
644 807 753 854 naturae
774 801 930 863 contrarias,
951 818 1013 854 eum
1037 801 1182 868 vituperari
1202 799 1317 871 quidem,
1339 798 1389 851 sed

458 897 515 933 non
535 879 628 932 vitium
649 881 674 933 ei
694 897 743 934 nec
763 880 983 934 incontinentiam
1004 879 1128 942 adscribi,
1150 897 1211 933 eum
1238 897 1286 950 per
1312 879 1389 932 simi·

459 959 599 1013 litudinem
620 967 723 1014 tantum
744 959 914 1014 incontinens
936 961 1047 1014 dicatur.
1069 962 1095 1024 S.
1117 954 1200 1016 7-9.

369 1052 417 1112 pp.
439 1039 551 1110 Caput
571 1039 743 1111 quintum:
765 1041 906 1096 Feritatem
920 1042 1105 1112 esscspeciem
1125 1039 1336 1100 incontinentiae
1354 1056 1389 1094 ex

437 1127 512 1190 parte
532 1119 626 1174 dictae.

411 1215 434 1254 e.
456 1201 562 1254 Praeter
580 1207 703 1253 naturam
724 1199 889 1254 delectabilia
908 1202 966 1254 fieri
983 1199 1103 1269 jucunda
1122 1203 1163 1255 rel
1184 1209 1293 1274 propter
1313 1198 1388 1254 debi-

459 1279 594 1334 litationes
615 1297 757 1351 corporum
778 1282 819 1334 vel
839 1287 949 1352 propter
974 1281 1195 1336 consuetudinem
1216 1284 1256 1335 rel
1278 1287 1388 1352 prepter

460 1359 569 1413 vitiosas
589 1367 705 1417 naturas.
728 1363 753 1426 S.
775 1355 856 1416 1-3.
1217 1357 1221 1365 ’

411 1441 434 1494 lt.
455 1440 580 1504 Habitus,
601 1442 648 1511 qui
669 1457 700 1495 ex
721 1440 763 1494 his
784 1440 924 1496 affectibus
946 1440 1076 1509 oriuntur,
1102 1459 1156 1495 non
1178 1441 1325 1512 simplicem
1345 1443 1387 1497 in-

450 1521 641 1574 continentiam
662 1521 809 1578 admittere.
833 1524 859 1588 S.
880 1518 907 1576 4.

410 1616 429 1654 t.
451 1601 596 1662 Quomodo
617 1600 645 1654 hi
665 1601 773 1655 habitus
793 1601 828 1655 ad
848 1601 1039 1655 continentiam
1064 1609 1092 1655 et
1111 1602 1331 1656 incontinentiam
1352 1622 1386 1658 ex

460 1680 633 1734 similitudine
653 1680 751 1735 dictam
771 1681 860 1735 referri
881 1684 994 1752 possint.
1016 1686 1041 1748 S.
1063 1677 1146 1740 5-8,

370 1787 419 1832 w.
442 1760 557 1832 Caput
576 1767 720 1814 sextum:
741 1761 966 1816 lncontinentiam
987 1780 1020 1816 ex
1039 1771 1113 1833 parte
1140 1763 1237 1816 dictam
1258 1781 1315 1816 esse
1335 1762 1386 1816 mi·

436 1859 487 1894 nus
507 1848 612 1911 turpem
633 1839 746 1911 simplici
766 1841 969 1898 incontinentia.

410 1938 433 1974 a.
455 1919 636 1990 Cupiditatem
656 1921 727 1974 enim
747 1921 833 1992 ipsam
854 1940 912 1976 esse
938 1922 977 1975 ira
998 1921 1169 1987 dotcrinrem;
1191 1921 1266 1992 cujus
1287 1924 1323 1976 rci
1343 1941 1385 1976 ra·

456 2000 542 2054 tiones
569 2007 684 2071 quatuor
704 2002 857 2058 afferuntur.
879 2005 906 2068 S.
927 1996 1008 2059 1-5,

438 2096 477 2136 ue.
489 2081 559 2134 Iram
580 2099 773 2154 nonnunquam
792 2082 890 2138 rationi
910 2083 1105 2153 obtemperare,
1126 2082 1299 2154 cupiditatem
1310 2085 1384 2136 nullo

489 2161 579 2214 modo.
601 2165 627 2227 S.
651 2157 676 2216 l.

434 2240 475 2293 bb.
490 2241 559 2294 Iram
580 2259 638 2295 esse
658 2242 848 2296 naturaliorem
869 2243 1022 2315 cupiditate.
1044 2246 1069 2309 S.
1090 2237 1119 2298 2.

434 2336 466 2374 tr.
488 2320 668 2392 Cupiditatem
688 2322 816 2387 insidiari,
836 2325 903 2377 iram
916 2342 978 2394 ¹uon
997 2323 1043 2378 ita.
1065 2325 1091 2389 §.
1112 2318 1140 2377 3.

437 2405 474 2456 bb.
486 2401 668 2474 Cupiditatem
688 2421 750 2457 cum
770 2405 908 2476 voluptate
929 2423 1015 2474 agere,
1036 2405 1102 2456 iram
1122 2402 1242 2461 minime.
1265 2406 1290 2469 S.
1311 2397 1339 2457 4,

409 2483 433 2536 b.
454 2483 597 2536 recitarem
617 2501 676 2538 esse
696 2485 785 2538 minus
806 2486 908 2538 malum
929 2485 994 2538 vitio
1014 2487 1132 2537 humano
1159 2483 1261 2536 etiamsi
1282 2483 1383 2536 terribi-

452 2565 517 2627 lius,
547 2582 607 2617 cum
634 2581 689 2618 non
717 2567 752 2618 ad
779 2565 1000 2618 incontinentiam
1028 2564 1150 2617 absolute
1177 2564 1274 2616 dictam
1302 2573 1328 2616 ct
1349 2563 1382 2616 ad

452 2644 691 2777 intempe7rantiam‚
712 2646 759 2698 sed
779 2645 813 2698 ad
834 2643 1054 2699 incontinentiam
1078 2662 1110 2698 cx
1138 2651 1212 2714 parte
1237 2653 1382 2697 revocetur.

328 2815 355 2876 p.
379 2803 487 2873 Caput
508 2802 704 2872 septimum:
727 2802 857 2864 Quaestio
879 2805 958 2857 tertia
984 2802 1139 2874 explicatur,
1167 2802 1268 2858 scilicet
1293 2811 1382 2856 utrum

380 2882 519 2936 continens
540 2891 567 2936 et
586 2890 722 2948 constans,
742 2882 911 2937 incontinens
932 2892 959 2938 et
979 2885 1073 2938 mollis
1089 2883 1159 2936 idern
1181 2883 1241 2937 sint.
1410 2936 1414 2958 ί

369 2989 414 3022 aa.
436 2961 605 3016 Definiuntur
626 2961 654 3015 hi
674 2972 788 3033 quatuor
809 2961 926 3028 habitus,
946 2971 974 3018 et
1001 2983 1060 3018 cum
1090 2963 1265 3032 temperantia
1291 2971 1318 3016 et
1344 2962 1383 3016 in-

435 3042 612 3112 temperantia
631 3051 833 3112 comparantur;
858 3053 1027 3098 constantem
1047 3052 1074 3098 ct
1100 3047 1207 3096 mollem
1236 3047 1263 3095 in
1291 3044 1382 3096 dolore

435 3123 561 3192 fugiendo
581 3123 620 3175 ita
641 3124 747 3189 versari,
767 3132 796 3176 ut
816 3125 996 3179 continentem
1018 3133 1045 3180 et
1063 3124 1272 3178 incontinentem
1293 3125 1319 3176 in
1340 3141 1383 3176 cx·

436 3203 550 3273 petenda
570 3205 714 3272 voluptate.
736 3205 759 3270 §.
781 3197 865 3258 1—3.

367 3295 414 3355 pp.
437 3282 635 3336 continentiam
656 3281 844 3353 optabiliorem
865 3301 922 3338 esse
943 3285 1104 3338 constantia.
1124 3285 1147 3350 ς.
1169 3279 1196 3338 4.

368 3389 418 3433 oyy.
440 3363 548 3416 Mollem
574 3371 601 3416 et
631 3363 841 3418 incontinentem
866 3381 913 3417 eos
938 3381 1010 3430 esse,
1036 3366 1082 3435 qui
1109 3363 1143 3416 ab
1167 3364 1219 3418 illis
1246 3361 1383 3416 affectibus

434 3444 582 3508 vincantur,
603 3443 700 3514 quibus
720 3445 838 3516 plerique
859 3443 1004 3499 obsistunt.
1024 3446 1047 3512 ᾧ.
1069 3438 1157 3498 5-6.

368 3518 412 3580 il.
434 3522 511 3574 Ludo
532 3530 559 3576 ct
575 3521 638 3590 joco
660 3542 820 3596 magnopere
841 3524 961 3578 deditum
987 3542 1042 3578 non
1068 3523 1288 3594 intemperantem
1315 3538 1384 3588 esse,

433 3603 482 3655 sed
502 3605 618 3656 mollem.
638 3605 661 3671 §.
684 3598 711 3658 7.

369 3706 401 3739 rc.
432 3681 656 3736 lncontinentiam
677 3702 734 3738 esse
755 3683 835 3738 aliam
862 3681 1061 3738 festinationem
1088 3682 1276 3754 praecipitem,
1305 3681 1384 3734 aliam

433 3762 650 3818 imbecillitatem.
671 3766 694 3832 ὁ.
715 3758 803 3820 8-9.

299 3859 321 3896 c.
343 3840 455 3911 Caput
475 3851 649 3897 octavum:
671 3844 776 3898 Solutio
798 3842 882 3898 tertia.
905 3843 1007 3904 Quinta
1027 3850 1054 3896 et
1081 3842 1160 3896 tertia
1179 3839 1311 3896 dubitatio
1333 3842 1385 3894 tol·

346 3920 417 3976 litur.
440 3922 521 3984 Quod
542 3923 684 3977 discrimen
705 3927 740 3978 sit
766 3924 834 3978 inter
861 3922 1070 3978 incontinentem
1099 3931 1125 3977 et
1152 3923 1383 3992 intemperantem,

347 4010 374 4056 et
394 4004 515 4072 quisnam
535 4005 637 4057 melior.

327 4108 354 4142 a.
375 4082 513 4138 Meliorem
534 4101 592 4137 esse
612 4081 823 4137 incontinentem
844 4080 1047 4153 intemperante,
1068 4082 1139 4154 quia,
1160 4099 1219 4136 oum
1239 4098 1300 4136 eum
1319 4097 1385 4153 poe·

378 4170 470 4230 niteat,
492 4166 527 4217 sit
548 4163 688 4217 sanabilis:
710 4164 773 4234 quia
792 4162 985 4216 incontinentia
1005 4179 1060 4216 non
1081 4164 1117 4216 sit
1138 4163 1244 4216 assidua
1272 4172 1299 4215 et
1312 4176 1385 4232 ¹per·

377 4233 458 4312 petua
478 4242 650 4313 improbitas:
672 4242 809 4314 quianon
829 4243 918 4308 lateat,
939 4251 970 4296 ut
989 4242 1130 4297 vitiositas.
1151 4245 1174 4310 ᾧ.
1197 4237 1223 4296 l.

325 4334 354 4395 β,
375 4322 600 4376 incontinentium
628 4338 674 4376 eos
700 4339 757 4376 esse
783 4323 923 4387 meliores,
951 4322 996 4394 qui
1022 4323 1209 4386 festinatione,
1237 4339 1315 4392 quam
1337 4320 1383 4392 qui

376 4402 558 4455 imbecillitate
578 4408 699 4470 peccant,
718 4402 783 4472 quia
802 4399 830 4455 hi
852 4420 868 4456 a
887 4402 990 4458 minore
1004 4403 1204 4472 perturbatione
1226 4411 1383 4471 superentur

377 4489 405 4534 et
425 4499 481 4534 non
500 4480 557 4535 sine
578 4480 770 4536 deliberatione
790 4489 952 4552 antegressa.
973 4485 997 4551 §.
1018 4477 1046 4539 2.

327 4583 358 4628 y.
378 4559 603 4619 lucontiaentiam
623 4579 679 4620 non
699 4581 757 4620 esse
778 4562 932 4636 simpliciter
942 4562 1126 4630 vitiositatem,
1146 4578 1207 4616 oum
1220 4558 1382 4632 principium
