3064 5036
527 355 531 364 “
551 349 718 424 θοιιιμσωι
736 349 799 408 libri
818 349 864 408 lll.
1226 355 1289 414 xul

341 569 381 608 cu.
402 554 493 607 Prima
512 552 622 608 solutio.
663 551 779 607 Tollitur
800 553 878 608 tertia
898 553 1041 609 dubitatio.
1063 558 1086 624 §.
1108 551 1194 614 3-6.

396 649 453 688 unu.
475 633 636 702 Simpliciter
645 631 774 688 beneficia
784 635 873 704 potius
887 635 1022 690 reddenda
1030 654 1097 703 esse,
1111 655 1190 709 quam
1202 638 1289 692 sodali

473 713 683 782 gratificandum.
709 715 732 780 §.
754 707 781 768 3.

398 792 454 846 ubo.
475 792 611 846 interdum
631 793 770 846 honestius
792 801 818 846 et
831 793 917 863 magis
932 797 1107 849 necessarium
1129 814 1187 850 esse
1200 799 1286 851 amico

474 871 622 937 subvenire,
639 889 716 944 qnam
731 873 886 926 beneficium
907 875 1025 929 reddere.
1046 877 1069 944 §.
1082 871 1172 944 4.-5.
1186 874 1212 943 5,
1227 880 1243 930 l.
1259 873 1286 933 4.

398 967 441 1007 cet.
463 952 599 1006 Interdum
620 970 653 1005 ne
675 971 790 1023 aequum
804 953 910 1024 quidem
932 973 990 1008 esse
1010 973 1099 1025 parem
1114 957 1227 1026 gratiam
1246 975 1288 1012 re·

472 1032 549 1096 ferre,
569 1032 693 1101 improbo
716 1034 816 1088 scilieet
838 1035 902 1088 viro.
924 1037 949 1098 5.
971 1033 998 1098 5,
1021 1037 1038 1088 Ι.
1059 1030 1145 1100 4-5.
1167 1031 1194 1092 6.

344 1113 384 1168 bb.
406 1112 529 1168 Secunda
549 1112 656 1166 solutio.
678 1113 792 1166 Tollitur
811 1115 898 1184 prima
918 1114 1058 1168 dubitatio.
1081 1115 1156 1176 Quae
1177 1116 1288 1186 siugulis

404 1191 486 1244 tribui
507 1197 638 1262 oporteat,
658 1203 840 1246 recensentur.
861 1195 884 1260 §.
906 1189 1013 1250 7-10.

396 1287 454 1326 uun.
476 1271 539 1324 Non
559 1273 652 1326 eadem
673 1273 806 1336 omnibus,
833 1291 918 1344 neque
939 1274 1008 1344 patri
1029 1273 1121 1328 omnia
1148 1274 1289 1331 tribuenda

474 1369 540 1404 esse.
562 1354 584 1418 §.
606 1347 633 1406 7.

395 1431 453 1486 but.
474 1431 694 1501 consanguineos
723 1431 757 1484 ud
777 1431 884 1500 nuptias
904 1430 1064 1498 invitandos,
1084 1433 1151 1505 ipsis
1171 1453 1233 1489 vero
1254 1437 1288 1491 ad

461 1511 554 1564 funera
575 1511 754 1566 secedendum
775 1528 842 1563 esse.
864 1513 889 1576 5.
910 1505 938 1566 8.

395 1606 440 1646 ttt.
462 1592 619 1646 Parentibus
630 1592 727 1645 vietum
740 1591 916 1646 necessarium
931 1597 957 1643 et
972 1591 1109 1656 honorem,
1121 1593 1193 1646 omni
1208 1595 1289 1648 aetati

474 1672 610 1742 grandiori
629 1672 773 1735 bonorem,
799 1671 936 1726 sodalibus
962 1681 988 1726 et
1008 1672 1133 1726 fratribus
1160 1676 1289 1730 orationis

476 1752 626 1807 libertatem
643 1751 810 1806 tribuendam
828 1771 895 1816 esse,
906 1763 932 1806 et
949 1752 987 1805 ric
1001 1753 1132 1825 deinceps.
1145 1757 1170 1820 5.
1181 1749 1289 1812 9-10.

233 1857 263 1902 y.
286 1831 400 1902 Caput
421 1833 578 1887 tertium:
600 1836 650 1898 Au,
673 1833 696 1886 si
716 1843 838 1887 mutuum
858 1843 885 1887 et
906 1834 1051 1904 aequalitas
1072 1835 1100 1888 iu
1125 1853 1214 1890 amore
1234 1854 1289 1890 uon

286 1921 412 1977 servetur,
434 1916 552 1967 amicitia
572 1913 608 1966 sit
632 1913 786 1968 dirimenda.

274 2019 320 2052 aa.
343 1993 458 2054 Quando
480 1994 612 2048 amicitiae
632 1993 711 2048 utiles
732 2003 759 2048 et
776 1993 909 2062 jucundae
930 1993 1114 2048 dissocientur.
1138 1997 1160 2064 §.
1185 1989 1269 2052 1—2.

345 2091 368 2126 u.
390 2074 419 2128 Si
447 2075 526 2128 amici
554 2074 634 2128 iidem
655 2091 708 2128 nou
732 2083 889 2146 permanent
909 2092 994 2146 neque
1023 2074 1116 2128 eadem
1144 2084 1288 2147 praestant.

386 2155 408 2221 5
433 2150 458 2219 l,
479 2156 496 2208 l.
520 2149 604 2211 1-6.

343 2232 366 2288 b·
389 2233 417 2288 Si
443 2235 551 2289 nomine
584 2253 659 2289 verne
692 2233 822 2288 amicitiae
851 2233 971 2302 jucunda
1005 2243 1109 2290 tantum
1151 2243 1178 2290 et
1213 2235 1290 2292 utilia

406 2315 601 2386 quaesiverunt.
623 2317 646 2382 §.
670 2310 695 2370 1.
716 2316 761 2367 lin.
782 2344 823 2354 —
843 2317 866 2382 5.
888 2310 915 2370 2.

273 2405 321 2465 pp.
343 2393 460 2455 Quando
481 2413 557 2449 verae
578 2395 709 2448 amicitiae
730 2395 834 2447 vincula
855 2397 998 2448 solvantur.
1021 2396 1043 2461 5.
1065 2388 1151 2450 3-5.

347 2489 369 2527 u.
392 2476 420 2528 Si
448 2477 513 2528 alter
547 2475 683 2546 improbus
716 2473 801 2527 fuctus
829 2483 883 2537 est,
913 2473 1113 2527 discindendum
1145 2472 1290 2528 amicitiam

396 2572 455 2608 cum
476 2572 508 2608 eo
528 2555 644 2617 demum,
666 2552 744 2621 cujus·
761 2553 920 2624 improbitas
940 2553 1102 2606 insanabilis.
1126 2556 1150 2618 5.
1173 2548 1201 2610 3.

344 2634 367 2690 b.
390 2633 438 2689 Sin
465 2635 610 2688 amicorum
632 2633 797 2704 (praesertim
820 2633 876 2702 jum
903 2634 963 2688 iude
991 2653 1006 2687 a
1033 2635 1147 2702 pueritia
1181 2632 1290 2699 conjun-

398 2717 513 2780 ctorum)
536 2717 601 2769 alter
625 2717 703 2785 longe
724 2716 818 2768 melior
838 2715 900 2778 fiat,
928 2717 966 2768 ita
994 2721 1024 2766 ut
1051 2713 1134 2766 nimia
1162 2714 1290 2767 distantia

398 2794 541 2848 amicitiam
572 2812 726 2866 permanere
755 2812 811 2849 uon
839 2793 924 2862 sinat,
952 2792 1051 2864 aliquid
1079 2802 1167 2848 tamen
1195 2811 1290 2848 conce·

396 2874 511 2929 dendurn
533 2893 592 2930 esse
613 2875 746 2929 amicitiae
767 2875 901 2946 pristinae.
924 2877 949 2940 5.
971 2869 1059 2930 4-5.

205 2957 228 3012 b.
252 2957 405 3011 Solutioues
432 2958 575 3010 nonnullae
610 2956 772 3027 pertinentes
799 2956 833 3008 ad
861 2957 1029 3026 operationes
1057 2961 1083 3008 et
1113 2955 1290 3024 proprietates

255 3054 331 3090 verae
352 3035 484 3090 amicitiae
504 3037 691 3108 explanandas.
712 3054 734 3090 c.
756 3031 843 3090 4-7.

235 3143 262 3175 a.
284 3116 399 3186 Caput
428 3123 605 3187 quartum:
631 3118 671 3170 De
693 3115 891 3186 origineverae
912 3113 1055 3168 amicitiae.

275 3223 321 3255 aaa.
344 3195 523 3266 Operatioues
549 3203 576 3250 et
607 3195 695 3250 officia
723 3213 799 3249 verae
834 3195 980 3258 amicitiae,
1015 3211 1081 3265 quae
1112 3199 1290 3258 recensentur,

344 3278 475 3348 originem
496 3276 593 3330 habere
614 3276 708 3342 exiis,
729 3293 796 3346 quae
818 3275 870 3328 sibi
889 3277 1000 3346 quisque
1021 3274 1123 3327 tribuit.
1146 3275 1171 3338 5.
1196 3268 1221 3328 1.

347 3371 372 3416 n.
393 3357 515 3410 Amicum
542 3355 623 3428 poni,
644 3355 690 3428 qui
710 3363 737 3410 et
758 3358 872 3410 amicum
893 3355 971 3408 bonis
993 3364 1116 3408 ornatum
1138 3372 1196 3407 esse
1218 3353 1292 3425 cupit

396 3445 423 3494 ct
454 3437 609 3508 oruatipse
630 3436 850 3508 quamplurimis
878 3434 948 3489 illius
974 3434 1069 3504 grstia:
1091 3437 1107 3486 l.
1130 3428 1215 3489 3-5.

331 3507 367 3572 'b
389 3523 435 3570 aut
462 3533 539 3583 eum,
561 3517 606 3589 qui
628 3517 742 3571 amicum
764 3519 819 3570 vult
840 3533 897 3570 esse
919 3522 946 3570 et
975 3517 1060 3568 virere
1089 3514 1173 3585 ipsius
1201 3532 1290 3571 causa.

344 3692 363 3732 t.
395 3677 534 3738 erosdam
563 3683 652 3730 autem
681 3676 796 3731 amicum
817 3693 877 3732 eum
898 3692 955 3729 esse
977 3674 1080 3738 dicere,
1101 3672 1147 3746 qui
1174 3681 1291 3728 versetur

397 3773 450 3810 una
471 3775 531 3810 eum
552 3756 640 3810 amieo
662 3766 688 3810 et
709 3757 802 3811 eadem
823 3763 942 3828 expetat:
963 3757 980 3808 l.
1002 3748 1089 3810 7-8.

340 3838 363 3890 b.
402 3844 448 3890 aut
459 3855 527 3901 eum,
538 3837 583 3908 qni
594 3838 684 3890 doleat
697 3855 750 3890 uua
764 3846 842 3908 atque
857 3835 970 3907 gaudeat
984 3853 1044 3888 cum
1064 3833 1158 3888 amieo.
1175 3836 1191 3886 l.
1202 3827 1290 3890 8-9.

271 3933 318 3991 pp.
341 3917 373 3970 ln
393 3916 450 3971 viro
471 3917 544 3970 bono
566 3917 764 3988 unumquidque
779 3918 884 3980 horum,
899 3934 966 3987 quae
981 3915 1075 3968 tribuit
1090 3913 1191 3979 amicis,
1205 3915 1291 3970 inesse

342 4015 406 4068 erga
426 4015 454 4051 se
475 3999 571 4068 ipsum.
593 3999 618 4062 5.
640 3991 727 4053 2-6.

342 4093 366 4132 u.
403 4077 509 4131 Bonum
529 4079 604 4143 velle,
627 4077 699 4130 bona
720 4076 772 4130 sibi
793 4078 913 4140 evenire3
934 4075 1035 4130 bouum
1056 4075 1128 4130 bona
1153 4093 1229 4145 agere
1250 4077 1292 4131 sui

404 4156 489 4227 ipsius
510 4175 597 4212 causa.
620 4159 645 4223 5.
670 4151 735 4222 3,1.
760 4151 844 4212 1-4.

342 4238 365 4291 b.
403 4237 509 4373 {onum
523 4239 611 4372 4uelle,
632 4255 660 4291 se.
688 4237 778 4307 ipsum
804 4237 891 4291 vivere
912 4244 940 4290 et
959 4239 1151 4328 salvnmpsse.
1177 4238 1202 4301 5.
1224 4229 1289 4302 3,1.

343 4411 362 4451 t.
408 4321 504 4452 Secuiri
526 4358 612 4452 vivere
634 4396 735 4452 bonum
755 4399 829 4450 velle.
851 4398 874 4464 §.
896 4393 923 4452 5.

339 4481 362 4533 b.
410 4478 508 4534 Dolere
528 4484 564 4532 et,
574 4480 667 4532 laetari
687 4495 740 4532 una
761 4495 850 4532 secum
871 4476 992 4531 maxime.
1014 4479 1040 4542 5.
1062 4471 1089 4532 6.
