3064 5036
255 327 309 404 22
532 332 712 388 Commenta.
738 332 773 388 ad
792 332 905 388 Aristot.
926 330 1013 388 lithic.
1034 329 1140 386 Nicon.

260 549 419 636 opinioni,
455 569 535 634 quae
564 549 660 614 hodie
693 547 890 632 percrebuit:
924 547 1032 626 finita,
1065 547 1222 626 humana,
1255 544 1420 612 sensibilia

260 672 385 730 tantum
414 659 549 726 anobis
570 659 691 746 percipi
718 677 834 744 posse,
868 669 902 725 et
929 681 992 745 quo
1019 659 1154 726 divinior
1185 679 1237 724 res
1261 657 1420 744 quaedam

260 777 311 855 sit,
335 797 375 841 eo
395 772 602 844 remotiorem
626 793 698 838 csse
720 795 740 838 a
761 780 873 838 nostro
896 771 1070 840 intellectu.
1114 771 1252 857 Jamque
1268 771 1419 836 Muretus

260 909 391 954 sensum
406 883 588 952 Aristotelis
611 893 804 969 coimperat,
827 884 904 948 dum
925 877 1051 970 γνώριμα
1072 883 1228 950 hocloco
1249 903 1316 948 non
1336 889 1419 962 nou,

259 1001 317 1067 sed
326 1001 447 1066 scibilia
456 997 692 1082 interpretatur,
700 996 791 1082 quasi
804 996 1017 1080 cognitionem
1026 997 1183 1082 quandam
1193 998 1321 1080 (nempe
1331 994 1422 1078 prin-
1522 1061 1525 1066 ,

260 1112 425 1198 cipiorum)
449 1110 547 1176 homo
571 1108 703 1194 adipisci
724 1117 880 1194 nequeat,
906 1118 1061 1194 utsupra
1084 1109 1187 1192 (ade.
1210 1110 1242 1186 2,
1267 1107 1296 1192 φ.
1322 1106 1353 1189 1)
1380 1107 1420 1172 de

258 1223 374 1290 finibus
397 1222 587 1310 quibusdam
614 1221 700 1286 idem
730 1220 923 1288 contendere
945 1221 1108 1294 Muretum
1136 1220 1282 1286 vidimus.
1329 1219 1421 1284 Haec

258 1347 366 1402 tamen
388 1335 601 1402 recentiorum
627 1333 793 1398 hominum
815 1332 972 1398 modestia
1001 1333 1096 1418 plane
1119 1332 1160 1398 ab
1182 1331 1366 1398 Aristotelis
1388 1342 1422 1396 et

258 1447 400 1512 omnium
428 1456 572 1514 veterum
599 1445 774 1512 rationibus
809 1445 912 1512 aliena
940 1455 1002 1512 est.
1054 1446 1219 1512 Hactenus
1248 1444 1421 1510 difficultas

258 1558 345 1624 nulla
366 1558 399 1622 in
421 1568 512 1624 textu
533 1559 720 1643 explicando
743 1568 868 1626 exstare
890 1557 1031 1640 videtur3
1057 1579 1117 1624 nec
1140 1579 1271 1624 sensum
1292 1556 1423 1622 Aristo-

258 1669 330 1736 telis
353 1669 472 1736 hubari
493 1671 650 1758 patiemur
670 1669 762 1736 noris
783 1669 869 1750 istis,
893 1693 973 1757 quae
996 1692 1055 1756 pro
1077 1669 1256 1736 christianis
1279 1691 1316 1734 ee
1338 1670 1421 1734 salso

257 1792 381 1869 genuit,
406 1781 618 1867 opinionibus.
653 1782 806 1848 Attamen
825 1783 853 1848 si
867 1803 995 1868 semper
1009 1783 1177 1868 singtdnria
1196 1781 1293 1848 nobis
1309 1791 1422 1848 essent

257 1894 393 1974 notiora,
417 1915 544 1980 semper
564 1894 597 1960 in
620 1893 760 1960 scientiis
780 1894 820 1960 ab
833 1895 1042 1980 singularibus
1066 1895 1106 1960 ad
1127 1895 1282 1980 principia
1304 1916 1419 1960 ascen·

259 2007 554 2088 dere-deberemns3
578 2017 612 2072 et
625 2006 815 2074 Aristoteles
837 2028 979 2092 prorsus,
1001 2017 1038 2074 ut
1059 2017 1185 2092 putant,
1209 2015 1296 2074 esset
1315 2007 1419 2094 empi-
1474 2007 1476 2010 ’

259 2121 353 2198 ricus,
378 2120 431 2206 qui
454 2119 609 2204 analytica
631 2120 700 2184 sola
721 2130 829 2186 utatur
850 2121 1015 2186 methodo.
1054 2119 1120 2188 Sed
1141 2121 1296 2185 hocloco
1318 2120 1419 2185 Para-

259 2233 406 2317 pbrastes
429 2241 462 2297 et
483 2231 666 2296 Eustratius
688 2242 776 2298 reete
799 2231 947 2296 scientias
971 2231 1178 2318 distinguunt.
1225 2232 1310 2298 Sunt
1332 2232 1418 2297 enim

259 2344 420 2422 scientiae,
441 2343 475 2408 in
498 2343 622 2429 quibus,
644 2344 779 2410 natarali
800 2365 905 2410 rerum
928 2343 1039 2409 ordine
1062 2355 1199 2423 servato,
1223 2337 1322 2423 ἁπλῶς
1344 2338 1419 2428 ρώ-

258 2483 329 2545 ρνμα
351 2467 385 2524 et
406 2455 499 2522 nobis
522 2466 598 2522 sunt
619 2449 829 2543 γνωριμώτερα,
851 2457 897 2522 ita
918 2466 955 2522 ut
975 2477 1015 2522 ex
1038 2456 1141 2522 causis
1165 2453 1282 2540 (αι’τόον)
1304 2467 1422 2542 utpote

258 2572 330 2658 plus
352 2570 587 2656 perspicuitatis
609 2567 799 2634 habentibus
823 2569 863 2634 ad
886 2569 1017 2635 affectas
1033 2562 1174 2652 (αἰτιατό)
1190 2569 1419 2656 digrediamura

259 2706 308 2749 ex.
316 2703 362 2766 gr.
374 2682 407 2746 in
419 2681 644 2746 mathematica
656 2690 689 2746 et
699 2679 926 2764 metaphysica,
937 2682 970 2744 in
982 2679 1096 2766 quibus
1108 2681 1192 2746 hauc
1203 2680 1247 2746 ob
1258 2703 1388 2747 causam
1400 2705 1420 2746 a
1521 2727 1526 2734 -

258 2793 421 2880 principiis
452 2801 485 2858 et
513 2790 743 2858 universalibus
773 2792 814 2856 ad
843 2791 963 2877 reliqua
991 2794 1249 2860 descendendum
1277 2803 1338 2859 est.
1383 2794 1418 2858 ln

261 2904 449 2994 quibusdam
463 2925 539 2970 vero
560 2901 628 2968 aliis
652 2903 791 2968 scientiis
807 2904 938 2970 effectus
960 2905 1192 2972 manifestiores
1214 2905 1308 2972 nobis
1324 2929 1419 2993 quam

261 3039 375 3086 causae
389 3017 478 3102 ipsae
494 3023 658 3100 apparent,
681 3013 746 3094 ubi,
770 3017 905 3082 natinali
922 3039 1027 3082 rerum
1042 3018 1153 3083 ordine
1168 3027 1302 3099 mutato,
1325 3019 1420 3084 nobis

260 3133 386 3200 notiora
414 3145 481 3194 non
512 3126 695 3210 simpliciter
724 3137 800 3192 sunt
828 3128 963 3194 notiora.
1018 3129 1237 3198 Quamobrem
1270 3131 1359 3198 hisoe
1386 3133 1419 3196 in

260 3243 400 3312 scientiis
421 3240 505 3306 viam
531 3239 662 3304 alteram
690 3239 811 3325 ingredi
834 3250 977 3326 oportet,
999 3264 1072 3308 ¹non
1095 3265 1134 3308 ex
1155 3243 1334 3329 principiis,
1363 3245 1420 3310 sed

261 3357 301 3422 ad
314 3353 488 3441 principia,
512 3360 549 3416 ut
569 3352 603 3415 in
617 3351 760 3437 Physicis
786 3353 817 3436 (l.
833 3353 879 3436 l.),
902 3353 934 3418 in
959 3354 1072 3440 quibus
1088 3378 1107 3420 a
1121 3356 1278 3422 concretis
1303 3358 1420 3441 (σαρα-

259 3461 400 3551 ῃνμένοις)
428 3463 615 3530 ordiendum
638 3485 710 3530 esse
730 3465 810 3532 dicit
830 3467 967 3530 Nosterr
997 3465 1107 3549 πέφυκε
1130 3465 1162 3532 di
1186 3468 1217 3532 ἔκ
1239 3466 1294 3532 τῶν
1314 3494 1419 3553 γνωρι-

259 3575 390 3663 μωτέρων
417 3568 481 3664 ἡμῖν
505 3569 523 3662 ἡ
547 3569 611 3656 όόός
640 3572 690 3643 καὶ
718 3577 904 3674 σαφεστέρων
927 3573 975 3644 ἐπὶ
1003 3572 1042 3644 τό
1072 3578 1242 3664 σαφέστερα
1271 3579 1310 3670 τῇ
1333 3575 1420 3665 φύσει

259 3685 309 3756 καὶ
330 3683 538 3776 γνωριμώτερα
563 3682 673 3774 οὗνοὶρ
696 3683 791 3754 ταύτό
812 3683 878 3777 ἡμῖν
893 3716 924 3754 τε
938 3685 1064 3778 γνώριμα
1086 3686 1136 3756 καὶ
1159 3685 1268 3771 ἅπλῶς.
1302 3688 1419 3776 Διόπερ

261 3794 379 3885 irrina,
390 3794 437 3865 τόν
449 3795 555 3883 τρόπον
565 3799 665 3867 τοῦτον
676 3795 810 3886 πρόαγειν
823 3801 917 3868 ἐκτῶν
929 3795 1135 3886 οἷσαφεστέρων
1142 3801 1238 3894 μὲντῇ
1247 3797 1344 3886 φύσει,
1355 3799 1420 3891 ἡμῖν

259 3910 291 3977 dl
303 3911 500 3995 σαφεστέρων,
512 3907 560 3978 ἐπὶ
570 3906 609 3978 τοὶ
621 3912 792 3996 σαφέστερα
805 3912 844 4004 τῇ
856 3909 942 3996 φόσει
954 3909 1003 3979 καὶ
1013 3910 1222 4003 γνωριμώτερα.
1242 3911 1305 3982 ἔστι
1317 3910 1343 3980 ‹l'
1356 3911 1420 4003 ἡμῖν

259 4022 371 4107 πρῶτον
394 4019 471 4108 δῆλα
492 4020 543 4090 καὶ
564 4024 650 4110 σαφῆ
672 4018 710 4090 τοὶ
734 4025 930 4113 σταοιεχνμόνα
952 4024 1072 4112 μᾶλλον·
1104 4017 1222 4112 όστερον
1245 4022 1270 4093 d’
1295 4029 1326 4094 ἐκ
1349 4023 1420 4094 τού-

259 4163 313 4200 των
331 4134 435 4221 γίνεται
454 4129 583 4222 γνώριμα
597 4130 787 4219 τὰστοιχεῖα
808 4132 858 4202 καὶ
873 4140 904 4204 αἱ
919 4132 1012 4222 taxat
1031 4138 1175 4224 διαιροῦσι
1192 4141 1418 4225 [ΜινΙΙαοΙιίαστ

186 4307 187 4310 ,
258 4249 329 4334 lego
358 4245 535 4332 lampabant]
565 4246 670 4312 ταῦτα.
714 4251 786 4316 Nec
806 4252 1012 4332 contradicit,
1043 4261 1080 4317 ut
1101 4252 1205 4336 primo
1234 4252 1350 4319 obtutu
1372 4255 1419 4318 vi-

259 4361 368 4440 detur,
399 4360 485 4447 quod
507 4359 613 4446 addit:
643 4354 689 4425 did
712 4361 744 4426 ἐκ
766 4359 820 4426 τῶν
849 4357 983 4430 καθόλου
1012 4359 1060 4430 ἐπὶ
1087 4357 1126 4430 τοὶ
1148 4359 1217 4433 καθ’
1242 4360 1361 4430 ἕκαστα
1378 4369 1426 4432 δεῖ

258 4473 394 4558 προϊέναι.
439 4471 570 4544 Etenim
592 4465 627 4538 τό
649 4466 782 4542 καθόλου
805 4474 960 4542 hocloco
981 4485 1120 4542 nauseat
1141 4478 1339 4562 universale,
1367 4499 1418 4544 ree
1448 4499 1452 4506 ’
