3064 5036
690 310 857 384 Conspectus
877 312 939 368 libri
959 314 1006 368 lli.

462 513 503 568 it.
515 511 588 648 6Quila
602 511 767 650 grinqoipium
787 513 885 586 agendi
905 513 933 569 in
952 521 1045 570 nostra
1064 523 1198 588 potestate
1219 519 1299 573 situm
1319 529 1366 574 cat.
1388 523 1412 586 5,

462 686 495 726 ts.
510 671 582 733 Quia
600 671 629 728 in
649 669 804 740 hujusmodi
825 670 978 726 actionibus
988 673 1079 728 laudea
1100 683 1127 730 et
1148 677 1316 748 vituperium,
1337 679 1414 734 inter·
1516 691 1519 751 ‚l

515 749 579 806 dum
600 753 678 806 venia
696 753 786 806 locum
805 750 914 806 habent.
935 753 961 818 5.
982 747 1071 809 7-8.
1188 809 1191 816 ,

442 845 461 884 t.
488 830 566 892 Quae
585 829 681 902 quibua
702 829 890 900 anteponenda
910 831 966 884 sint
986 832 1140 902 dijudicare,
1161 835 1293 889 interdum
1310 834 1414 890 difficile

492 926 564 1044 ειιὲ,
586 927 645 1046 ouban
667 911 695 964 in
723 909 802 964 rebus
829 909 1009 980 singularibus
1036 915 1135 968 multae
1162 914 1217 968 sint
1244 914 1413 970 differentiae.

401 1091 451 1138 yy.
466 1067 543 1130 Quae
568 1085 655 1122 rerum
672 1065 849 1136 jucundarum
877 1075 905 1122 et
930 1067 1104 1124 honestarum
1130 1089 1212 1126 casua
1236 1072 1357 1143 agimus,
1384 1091 1414 1127 eu

467 1161 576 1217 prorsus
596 1163 654 1202 esse
674 1155 832 1218 spontanea.
853 1149 879 1213 5.
902 1142 948 1204 11.

359 1236 386 1296 μ.
408 1225 450 1279 De
470 1243 512 1290 eo,
532 1226 605 1298 quod
624 1243 672 1296 pes
692 1225 870 1296 ignorantiam
890 1229 928 1282 lit.
950 1229 976 1294 5.
999 1221 1124 1284 13-19.

398 1329 445 1362 aa.
467 1305 555 1366 Quem
574 1323 622 1378 per
641 1305 821 1375 ignorantiam
844 1305 976 1362 factorum
1004 1307 1180 1378 poenituerit,
1206 1325 1267 1364 eum
1294 1308 1414 1373 invitum,

467 1401 546 1455 quem
567 1399 631 1451 nun,
651 1402 712 1440 earm
732 1401 789 1438 non
809 1394 906 1455 sponte
926 1385 1021 1456 egisse.
1043 1389 1069 1452 5.
1092 1381 1138 1444 13.

397 1473 445 1534 pp.
467 1462 647 1533 Ignorantiam
673 1462 729 1532 ejus
754 1464 828 1536 quod
855 1465 962 1536 expedit
989 1472 1015 1520 et
1048 1483 1135 1520 rerum
1160 1466 1348 1522 universalium
1376 1468 1415 1536 (ut

467 1541 625 1609 officiorum,
645 1542 725 1608 boni)
745 1560 800 1598 non
820 1548 924 1599 veniam
945 1544 1071 1616 recipcre,
1092 1545 1140 1600 aed
1153 1545 1334 1618 improbitatis
1355 1565 1415 1601 oau-

467 1639 525 1676 sam
544 1639 612 1676 esse.
633 1625 659 1690 5.
686 1617 811 1680 14-15.
899 1649 902 1656 ’
1339 1685 1341 1690 ,

398 1725 449 1770 yy.
464 1700 645 1770 Ignorantiam
665 1700 738 1765 iacti,
758 1701 777 1756 i.
797 1718 821 1756 e.
841 1717 929 1756 rerum
956 1701 1138 1774 singularium,
1159 1704 1272 1769 efficere,
1293 1711 1323 1760 ut
1344 1703 1414 1760 actio

466 1795 522 1834 non
542 1779 578 1836 sit
597 1788 755 1853 spontanea,
769 1779 916 1834 dummodo
926 1791 1052 1852 sequatur
1061 1783 1236 1854 poenitentis.
1248 1787 1275 1850 5.
1287 1778 1413 1842 16-19.

329 1875 351 1912 c.
372 1858 414 1913 De
434 1875 477 1925 eo,
496 1859 569 1931 quod
589 1867 687 1931 sponte
706 1861 747 1919 fit.
768 1861 794 1924 5.
815 1853 945 1918 20-24.

357 1962 384 1996 a.
406 1938 590 2008 Spontaneum
611 1956 679 2003 esse,
699 1937 774 2006 cujus
794 1937 953 2010 principium
974 1947 1016 1992 eat
1035 1938 1064 1994 in
1084 1956 1126 2005 eo,
1146 1941 1191 2012 qui
1212 1941 1277 2012 agit,
1298 1959 1341 1997 aaa
1362 1940 1414 1996 sin-

408 2019 521 2088 gulares,
541 2017 686 2089 inquibus
708 2017 779 2072 actio
800 2017 933 2084 consistit,
952 2035 1008 2072 non
1029 2019 1180 2088 ignorante.
1203 2023 1229 2086 5.
1249 2015 1297 2077 20.

357 2107 384 2166 β.
407 2095 462 2150 Cur
482 2113 522 2160 ea,
543 2113 611 2168 quac
631 2099 672 2150 vel
693 2097 732 2150 ira
752 2097 793 2152 vei
813 2097 938 2167 cupidine
958 2097 1083 2154 hortante
1110 2101 1192 2165 fiant,
1214 2117 1270 2154 oon
1297 2100 1352 2156 sint
1376 2102 1415 2154 in·

407 2173 461 2230 vite
480 2174 560 2230 lacta
581 2178 609 2241 5.
630 2169 758 2232 21-24.
924 2233 927 2242 ,

396 2278 443 2311 aa.
463 2253 596 2308 Animalia
616 2262 643 2308 et
662 2272 760 2326 pueros
781 2260 877 2325 sponte
899 2271 986 2325 agere.
1008 2257 1034 2320 5.
1055 2250 1103 2312 21.

395 2345 442 2404 μβ.
464 2331 533 2388 Cum
553 2351 601 2405 per
619 2334 687 2388 iram
707 2341 755 2388 aut
774 2332 925 2404 cupidinem
952 2333 1067 2390 honesta
1087 2344 1184 2409 sponte
1208 2335 1356 2403 faciamus,
1383 2337 1416 2391 de
1521 2347 1522 2350 ’

462 2410 584 2484 turpibus
604 2412 675 2467 idem
695 2413 836 2468 dicendum
857 2430 924 2470 esse.
945 2415 972 2480 5.
993 2408 1041 2470 22.

395 2491 819 2567 yy.1rascamurnunuunqiiam
840 2501 867 2550 et
887 2493 1018 2568 quaedam
1040 2494 1261 2566 concupiscamus
1282 2503 1416 2566 oportere.

394 2645 438 2710 dl·
460 2565 644 2714 3u303lnddltbt
657 2573 735 2717 dudd,
755 2653 885 2716 molesta,
911 2668 981 2722 quae
1007 2667 1055 2722 per
1084 2650 1273 2722 cupiditatem,
1296 2649 1418 2720 jucunda

394 2832 425 2868 aa·
457 2747 534 2870 (dsdde
553 2725 864 2880 {br2i3rbnfianpeceantun
889 2823 972 2878 aeque
993 2823 1024 2861 ac
1052 2824 1120 2878 quae
1147 2824 1195 2878 per
1220 2809 1417 2880 syllogismum,

463 2887 592 2958 fugienda
610 2905 677 2942 ease.
699 2891 724 2954 5.
743 2881 791 2943 24.
812 2886 847 2939 ad
867 2886 937 2941 med.
1314 2879 1320 2895 ¹
1399 2887 1403 2895 '

393 2961 440 3040 ζζ.
462 2967 532 3021 Iram
552 2973 581 3021 et
600 2963 920 3039 cupiditatem,aquibua
941 2963 1181 3021 actioneanoatrae
1198 2966 1417 3038 proficiscuntur,
1522 2945 1523 2990 l

461 3045 591 3102 humanas
611 3064 678 3102 esse.
699 3049 725 3111 5.
746 3039 795 3101 24.
815 3045 862 3098 fio.

182 3138 186 3148 ‘
293 3120 322 3182 2.
343 3124 455 3196 capnt
475 3125 681 3180 secundum:
701 3125 743 3178 De
764 3121 914 3196 proposito,
935 3119 1010 3190 cujus
1031 3122 1105 3178 rudia
1126 3123 1246 3178 delinitio
1267 3125 1389 3182 docetur.

324 3222 350 3260 o.
370 3204 621 3260 considerationem
641 3203 773 3276 propositi
788 3204 919 3273 pertinere
930 3201 964 3256 ad
985 3201 1183 3274 philosophiam
1194 3207 1331 3262 moralem.
1343 3209 1373 3273 5.
1389 3201 1415 3264 1.

325 3284 351 3344 b.
372 3283 446 3345 Quid
466 3301 522 3337 non
543 3283 580 3336 sit
599 3285 777 3354 propositum.
800 3283 825 3346 5.
847 3275 954 3336 2-15.

352 3387 379 3424 a.
402 3363 587 3436 spontaneum
607 3363 687 3418 latius
707 3369 808 3434 patere,
828 3377 907 3432 quam
929 3358 1109 3431 propositum.
1131 3365 1159 3428 5.
1180 3356 1210 3422 2.

391 3465 438 3501 aa.
459 3441 606 3497 Puerorum
627 3449 654 3496 et
674 3441 828 3498 animalium
848 3439 928 3503 iacta,
948 3441 966 3494 l.
990 3433 1076 3496 1-4.

388 3532 438 3591 pp.
459 3537 508 3574 nec
528 3536 583 3574 non
603 3519 751 3592 repentina.
774 3519 825 3574 etai
850 3525 1014 3589 spontanea,
1036 3525 1125 3574 tamen
1145 3519 1286 3591 proposito
1313 3539 1416 3578 carere.

349 3689 378 3748 ρ.
400 3675 455 3732 Cur
474 3676 644 3748 propositum
665 3694 720 3733 non
741 3675 777 3731 ait
797 3675 938 3747 cupiditas.
959 3678 985 3743 5.
1007 3669 1095 3733 3-5.

390 3779 438 3814 aa·
460 3755 642 3826 Cupiditatem
662 3755 744 3814 etiam
764 3755 923 3810 animalibus
945 3756 1046 3812 adessa
1068 3758 1094 3820 5.
1115 3749 1145 3814 3.

391 3845 439 3906 μβ,
461 3833 642 3904 Cupiditatem
663 3842 691 3888 et
710 3835 878 3908 propositum
899 3832 1003 3905 sejungi
1022 3852 1111 3905 posse.
1133 3837 1159 3900 5.
1181 3829 1217 3904 4.,

389 3937 445 3983 w,
460 3913 582 3982 Pugnare
602 3913 694 3970 eadem
714 3915 783 3968 inter
803 3931 841 3968 sc.
862 3915 888 3979 5.
910 3909 938 3979 5,
959 3914 976 3970 l.
999 3907 1040 3970 1·
1057 3906 1084 3971 3.

393 3987 437 4053 ll.
461 3989 651 4126 gupiditatem,
670 4008 725 4047 uun
745 3992 911 4065 propositum
923 3990 1034 4062 jucundi
1054 4000 1082 4045 et
1094 3991 1205 4048 *molesti
1226 4009 1294 4048 esse.
1315 3997 1341 4060 5.
1353 3990 1383 4059 5,
1398 3995 1415 4048 Ι,

345 4176 377 4220 y.
397 4148 455 4203 Noe
475 4147 542 4206 iram
564 4167 624 4204 esse
645 4147 824 4221 propositum.
846 4150 873 4214 5.
895 4142 922 4204 6.

345 4226 372 4288 l.
393 4225 534 4288 Rationes,
557 4245 604 4284 nar
625 4228 795 4300 propositum
815 4245 871 4284 noo
891 4226 929 4282 ait
949 4225 1081 4281 voluntas.
1104 4228 1130 4292 5.
1153 4221 1240 4285 7-9.

383 4331 431 4374 aa.
452 4307 628 4364 Voluntatem
648 4325 707 4370 ease
727 4323 833 4378 quoque
854 4302 1072 4376 impossibilium.
1093 4308 1121 4372 5.
1144 4301 1172 4364 7.

383 4397 431 4460 pp.
453 4384 510 4442 Neo
530 4403 585 4441 non
605 4403 708 4452 eorum,
730 4403 798 4458 quae
819 4401 866 4456 per
886 4401 929 4442 me
949 4385 1007 4441 lieri
1032 4401 1088 4444 non
1109 4392 1234 4456 possunt.
1256 4385 1282 4450 5.
1303 4376 1332 4440 8.
