3064 5036
250 306 300 380 24
533 309 712 364 Commentar.
739 309 774 362 ad
793 307 904 364 Aristot.
924 309 1010 364 uthis
1032 309 1135 364 Nicon.
1202 387 1210 404 ι

256 525 350 594 αἰτίων
374 521 602 612 ἇφορμωμένους.
633 529 679 589 est
696 518 752 608 γαῖρ
775 517 984 613 ὖπεραναβῆναι
1013 519 1062 609 τὴν
1085 519 1212 609 ᾳωχυιήν
1242 518 1414 592 οὐσίανκαὶ

254 639 290 720 εἰς
321 637 380 704 νοῦν
407 636 543 722 γενέσθαι
572 631 621 700 καὶ
648 629 732 714 nstv,
762 623 877 722 οἳμὸνα
905 629 1033 719 πρότερα
1059 635 1109 722 τῆς
1124 634 1230 722 Ιιικυχῆς
1253 630 1332 712 ἐστὶ,
1357 631 1414 700 Ικοιὶ

253 756 348 836 δεῖξαι
371 751 494 827 ἐκεῖθεν,
524 745 566 827 τίς
588 775 619 812 τε
641 740 660 832 ἡ
683 745 732 833 τῆς
754 746 869 833 λογικῆς
891 746 989 833 doxis
1016 741 1104 834 ἀρετὴ
1125 743 1175 814 uui
1196 745 1229 812 τί
1246 741 1280 812 vd
1303 745 1414 832 προςῆ-

253 890 301 930 κον
324 856 398 952 αὐτῇ
426 855 575 948 μακάριον.
613 861 702 926 Haec
724 859 757 924 in
779 860 1009 946 Metaphysiois
1030 860 1107 924 facit
1127 860 1317 926 Aristoteles
1339 859 1413 924 loco

254 974 465 1063 pulcherrimo
483 973 561 1058 (XII,
579 973 622 1055 7),
644 995 707 1056 quo
726 993 850 1038 summa
868 971 1086 1056 metaphysica
1097 971 1414 1056 Ethicorumprinci-

254 1089 308 1174 pia
318 1088 363 1152 ita
373 1093 612 1171 proponuntur:
636 1077 655 1168 ἡ
670 1082 780 1170 &topic
795 1077 830 1148 cd
845 1072 960 1168 ἥδιστον
972 1079 1022 1148 καὶ
1037 1069 1163 1168 ἄριστον.
1180 1083 1205 1148 εἰ
1219 1069 1264 1149 οὖν
1279 1071 1369 1162 οὕτως
1384 1069 1415 1148 sd

254 1195 325 1282 ἔχει,
348 1192 383 1277 ὡς
405 1190 482 1284 ἡμεῖς
504 1195 585 1274 ποτὶ,
610 1189 625 1260 ὃ
647 1189 714 1288 &eds
737 1189 790 1272 uid,
812 1190 994 1282 θαυμαστόν·
1017 1195 1044 1260 εἰ
1063 1194 1095 1260 δὲ
1118 1195 1240 1282 pedm»,
1265 1190 1307 1260 ἔτι
1329 1202 1414 1262 θαυ-

255 1304 440 1398 μασιώτερον.
473 1304 533 1392 ἔχει
556 1306 587 1372 ὀὶ
610 1297 675 1374 ὦδε.
699 1348 743 1362 --
764 1306 917 1394 μηδέτερον
939 1299 1067 1391 ὑπάρχει
1089 1301 1206 1392 τούτων)
1237 1307 1328 1373 Alter
1351 1317 1413 1386 est,

254 1424 308 1510 qui
330 1445 433 1508 neque
455 1420 608 1506 principia
625 1421 693 1505 jam
712 1419 814 1484 babet
835 1442 876 1484 ex
890 1419 1012 1484 diutina
1034 1419 1238 1488 assuetudine
1256 1419 1414 1484 bonarum

254 1535 433 1612 actionum,
468 1555 572 1618 neque
600 1553 657 1616 per
685 1554 720 1596 sc
743 1531 850 1598 videre
883 1542 993 1616 potest
1022 1527 1121 1616 (ἔχει);
1156 1533 1252 1612 alter,
1287 1533 1342 1618 qui
1373 1553 1414 1598 ne

255 1647 323 1712 aliis
353 1646 480 1732 quidem
502 1643 704 1722 docentibus,
735 1645 826 1708 malis
849 1643 990 1712 moribus
1017 1643 1175 1723 imbutus,
1204 1645 1269 1710 ulla
1296 1654 1416 1729 postes

254 1767 425 1844 praecepta
454 1755 561 1822 audire
589 1755 681 1836 velit,
715 1778 775 1822 nec
801 1757 955 1842 principia
989 1777 1117 1822 camere
1149 1767 1262 1841 posset
1291 1749 1415 1840 (λάβοι).

254 1871 342 1936 Male
371 1869 533 1948 nonnulli,
564 1875 601 1932 ut
626 1867 753 1934 codices
782 1868 862 1947 NC,
891 1865 948 1947 ΙΙ),
971 1865 1035 1948 Mb,
1062 1863 1143 1950 ἔχοις
1178 1869 1299 1934 ineerta
1328 1870 1416 1934 enim

254 1983 335 2048 ratio
364 1981 398 2046 in
421 1981 554 2056 alterum
583 1979 680 2044 modo
704 1979 856 2046 orationis
885 1979 1063 2046 membrum
1086 1965 1187 2061 caditss,
1219 1990 1416 2067 quapropter

254 2117 321 2160 non
343 2094 425 2157 maie
443 2093 530 2178 prius
554 2075 573 2176 ἦ
594 2093 749 2162 omittunt
767 2094 827 2172 El,
853 2093 926 2171 NG,
950 2093 1049 2172 000,
1071 2093 1129 2170 Η”,
1152 2090 1209 2172 Kb,
1232 2090 1289 2173 Lb,
1311 2093 1414 2160 Card-

254 2205 430 2270 wellus-
444 2202 498 2268 τῶν
518 2197 667 2286 Ἠσιόδου)
691 2205 771 2268 Vide
795 2199 863 2288 ἔργα
884 2198 934 2269 καὶ
948 2197 1062 2290 ἡμέραι,
1086 2225 1115 2270 v.
1132 2204 1294 2274 291-295.
1330 2206 1414 2272 Sen-

255 2317 389 2384 tentiam
411 2317 519 2388 tritam
542 2317 627 2401 apud
647 2305 766 2380 multos
788 2315 958 2400 scriptores
981 2338 1156 2398 occurrere,
1179 2317 1416 2382 adnotaverunt

254 2430 312 2495 viri
340 2429 442 2496 docti:
486 2430 631 2496 Ciceron.
669 2450 728 2513 pro
758 2428 923 2508 Cluentio,
960 2451 987 2494 c.
1018 2428 1080 2509 31;
1117 2429 1186 2494 Liv.
1215 2428 1322 2508 XXII,
1354 2430 1414 2509 293

255 2543 375 2609 Herod.
391 2542 458 2622 Vll,
485 2543 537 2621 16,
561 2524 818 2627 §.1380phocb
841 2541 949 2626 Antig.
972 2565 1002 2606 v.
1028 2541 1186 2619 720-723,
1210 2541 1414 2607 sd.Brunck.

346 2653 448 2718 CAP.
477 2654 508 2714 V
541 2655 636 2738 (Cap.
665 2653 728 2736 ΠΙ).
780 2655 878 2718 Error
912 2674 1039 2732 eorum,
1073 2675 1208 2739 quorum
1243 2653 1414 2737 opiniones
1520 2681 1521 2710 i

256 2769 319 2832 hoc
343 2765 446 2849 eapite
461 2765 650 2831 Aristoteles
673 2764 799 2842 refutat,
823 2765 856 2834 in
873 2785 912 2828 eo
930 2765 1086 2844 consistit,
1111 2767 1196 2850 quod
1210 2787 1311 2830 unum
1334 2765 1414 2830 alta-
1520 2773 1521 2832 Ὗ

256 2899 389 2963 rumque
423 2875 573 2944 naturalis
606 2874 744 2943 hominis
774 2877 951 2961 appetitum
981 2878 1164 2945 seusfinem
1196 2895 1257 2962 pro
1285 2901 1415 2946 summo
1520 2881 1521 2900 ¹

255 2989 397 3054 habeant
417 2988 520 3054 bono:
545 3007 632 3056 error
653 2987 797 3054 Platonis
820 2997 871 3054 est
893 2999 1014 3068 contra,
1039 3012 1198 3058 summum
1220 2989 1342 3054 bonum
1358 3011 1415 3054 seu
1520 2995 1521 3056 f

255 3103 362 3168 ideam
384 3101 460 3166 boni
481 3121 613 3186 prorsus
628 3099 668 3164 ab
683 3099 753 3166 istis
776 3101 926 3168 naturalis
945 3101 1082 3170 hominis
1098 3101 1216 3168 finibus
1230 3102 1414 3187 sejungere3
1520 3145 1521 3148 =

257 3237 330 3278 cum
352 3235 428 3279 vera
452 3212 494 3276 sit
516 3211 691 3290 sententia,
715 3233 809 3297 quam
833 3222 961 3288 secutus
985 3223 1035 3280 est
1056 3214 1262 3292 Aristoteles,
1292 3214 1415 3280 bonum

256 3327 289 3390 in
318 3324 464 3408 regendis
493 3334 527 3389 et
555 3325 595 3390 ad
622 3322 778 3390 rationem
811 3325 1022 3410 perducendis
1056 3325 1251 3411 appetitibus
1283 3327 1414 3394 versari.

257 3437 378 3502 Eorum
408 3446 513 3502 autem
544 3437 743 3522 appetituum
770 3438 924 3522 ¹primus
951 3449 1004 3512 est
1032 3437 1080 3504 sui
1107 3438 1333 3517 conservandi,
1366 3440 1416 3504 cui

257 3550 414 3636 explendo
436 3549 614 3616 inserviunt
635 3559 690 3614 aut
712 3550 854 3635 corporis
876 3551 1036 3636 voluptas,
1060 3559 1115 3616 aut
1133 3549 1271 3616 divitiae.
1306 3552 1417 3618 Possit

257 3673 291 3728 et
312 3663 442 3736 honoris
473 3661 627 3748 cupiditas
650 3662 700 3726 his
720 3663 916 3747 ‚appetitibus
944 3663 1159 3741 annumerari,
1189 3663 1306 3748 quippe
1330 3686 1415 3742 cum,

257 3775 326 3839 aliis
348 3797 410 3838 nos
431 3773 662 3840 honorantibus
668 3755 681 3853 ,i
706 3775 799 3848 fama,
812 3784 939 3854 nostra,
963 3797 1044 3860 quae
1067 3784 1117 3840 est
1138 3775 1242 3840 verior
1264 3775 1349 3856 vita,
1375 3776 1415 3840 ab

255 3885 293 3950 iis
316 3885 482 3950 incolumis
506 3895 720 3952 conservetur.
758 3887 832 3964 ‚sed
855 3910 927 3958 cum
956 3887 996 3952 ad
1011 3887 1174 3954 ,honorem
1202 3885 1415 3956 obtinendum

250 4000 319 4084 jam
344 3997 476 4062 aliorum
498 3999 662 4064 voluntate
686 4008 720 4064 et
741 3998 842 4084 gratia
863 3997 957 4064 nobis
979 4019 1061 4082 opus
1084 3997 1136 4076 sit,
1159 3998 1290 4068 honoris
1315 4022 1414 4086 appe·
1520 4023 1521 4036 ¹

255 4119 332 4174 titus
350 4110 419 4194 jam
438 4131 513 4176 ‘non
543 4110 733 4188 solitarium,
766 4111 824 4174 sed
851 4111 884 4174 in
912 4111 1067 4193 societate
1081 4110 1254 4176 .viventem
1290 4121 1416 4196 spectat

255 4220 428 4286 hominem.
475 4222 683 4288 Secundus
712 4222 806 4306 igitur
829 4223 988 4308 appetitus
1017 4232 1068 4288 est
1097 4222 1258 4306 appetitus
1287 4224 1416 4290 vivendi

256 4343 290 4398 et
319 4334 432 4420 egendi
461 4334 494 4397 in
518 4331 742 4397 communione
771 4331 936 4400 hominum
964 4343 999 4400 et
1019 4343 1105 4400 recte
1122 4335 1241 4402 iactis*
1256 4336 1415 4402 honorem

214 4536 216 4542 Ι
255 4445 458 4536 adipiscendi.
507 4443 673 4510 Tertius
696 4451 815 4524 autem,
839 4445 1014 4535 etquidem
1037 4425 1191 4525 summus,
1216 4455 1266 4514 est
1289 4447 1415 4534 cupidi-
