3064 5036
720 343 888 418 Conspectus
912 343 975 401 libri
993 345 1040 402 tx.

433 560 480 620 pp.
502 546 651 602 Difficultas
673 549 784 602 solvitur
804 546 908 603 ratione
928 547 1021 604 babila
1047 547 1210 605 diversarum
1232 549 1365 605 amicitiae
1393 568 1448 622 spe-

498 629 606 683 cierum.
630 631 655 694 5.
678 623 765 684 2-7.

476 725 500 762 a.
521 709 630 762 Amicos
650 710 729 760 utiles
757 716 783 761 et
807 706 942 776 jucundos
968 725 1024 761 non
1050 712 1149 763 multos
1175 709 1363 764 adsciscendos
1385 727 1450 772 esse,

524 789 587 858 quia
607 787 715 841 utilibus
737 791 847 842 nimiam
868 788 980 856 gratiam
1001 787 1098 842 referre
1116 789 1238 855 deberes,
1250 789 1362 858 jucundi
1377 789 1451 860 pauci

524 868 668 933 sufficiunt,
689 868 913 938 quemadmodum
934 868 962 921 in
983 869 1049 922 cibis
1070 871 1279 924 condimentum.
1303 872 1327 935 5.
1350 863 1377 924 2.

478 947 501 1003 b.
523 949 609 1002 Veros
630 948 731 1001 amicos
752 951 832 1001 etiam
853 966 908 1001 non
929 965 1007 1017 posse
1027 952 1127 1003 multos
1149 949 1306 1022 comparari.
1325 951 1350 1016 5.
1365 943 1450 1006 3-6.

506 1043 548 1086 aa.
570 1029 640 1082 Fieri
660 1045 715 1080 non
734 1046 824 1098 posse,
845 1038 874 1082 ut
895 1029 954 1099 quis
976 1045 1035 1082 cunr
1056 1032 1146 1082 multis
1171 1030 1241 1083 vivat
1262 1032 1347 1100 iisque
1369 1029 1451 1082 omni·
1520 1039 1521 1046 ’

570 1108 620 1160 bus
640 1125 698 1160 sese
719 1108 800 1161 dedat
819 1117 898 1178 atquc
919 1109 1060 1178 impertiat.
1083 1112 1108 1174 5.
1130 1104 1157 1166 3.

506 1187 546 1242 bb.
570 1187 683 1241 llillicile
704 1191 882 1242 essemultos
906 1190 1007 1242 amicos
1027 1189 1107 1242 etiarn
1128 1191 1197 1244 inter
1224 1208 1251 1244 re
1272 1207 1322 1243 usu
1342 1197 1370 1243 et
1391 1207 1450 1244 con-

569 1268 709 1322 suetudine
730 1268 799 1321 vitae
819 1267 976 1336 conjunctos
996 1287 1063 1324 esse.
1085 1271 1112 1334 5.
1133 1265 1160 1325 d.

506 1365 537 1401 rr.
570 1348 713 1401 Communi
734 1366 794 1402 eum
819 1351 909 1402 multis
936 1349 1036 1402 laetitia
1063 1349 1207 1421 doloreque
1234 1349 1318 1415 allici,
1346 1347 1450 1403 difficile

567 1446 634 1492 csse,
654 1437 685 1480 ut
705 1437 732 1481 et
752 1432 852 1482 multos
873 1429 1042 1482 vehementer
1063 1447 1159 1482 amare.
1181 1431 1206 1495 5.
1232 1427 1259 1484 5.

503 1509 541 1564 bb.
563 1507 714 1572 Amicitias,
735 1527 802 1579 quae
830 1511 950 1562 omnium
977 1526 1099 1562 sermone
1126 1510 1249 1581 famaque
1275 1508 1448 1573 celebrantur,

569 1590 637 1642 inter·
658 1589 726 1642 duos
748 1600 851 1644 tantum
872 1589 963 1641 luisse.
985 1591 1010 1654 5.
1032 1583 1067 1644 6.Ι
1148 1611 1163 1638 s

478 1687 496 1728 t.
524 1669 555 1722 Io
582 1669 651 1722 cirili
679 1670 808 1724 amicitiae
837 1673 924 1740 specie
952 1670 1008 1722 lieri
1035 1686 1129 1740 posse,
1157 1676 1188 1724 ut
1215 1668 1275 1741 quis
1303 1669 1339 1721 ait
1359 1670 1449 1722 multis

525 1748 631 1804 amicus.
655 1751 681 1814 5.
702 1745 729 1805 7.

397 1844 424 1904 p.
447 1832 557 1901 Caput
577 1829 810 1883 undecimum:
832 1829 928 1884 Utrum
948 1830 976 1884 in
997 1828 1075 1884 rebus
1096 1829 1220 1884 secundis
1241 1830 1342 1900 magis,
1369 1846 1406 1884 sn
1425 1827 1449 1883 in

449 1911 565 1967 adversis
586 1912 664 1964 amici
684 1927 752 1980 opus
774 1910 834 1963 sint.

436 2019 481 2052 aa.
503 1993 665 2062 Proponitur
685 1991 822 2062 quaestio:
844 1989 994 2044 Amicitiam
1005 1993 1032 2044 in
1053 1990 1133 2045 rebus
1144 1990 1263 2045 adversis
1274 1989 1356 2044 videri
1366 1989 1451 2060 magis

505 2071 691 2135 neeessariam,
712 2072 739 2124 in
760 2071 883 2124 secundis
894 2072 1072 2141 pulchriorem
1093 2080 1171 2143 atque
1186 2072 1375 2128 honestiorem.
1389 2073 1415 2137 5.
1429 2065 1452 2125 l.

436 2165 483 2225 pp.
507 2153 621 2205 Tollitur
642 2152 786 2204 dubitatio:
808 2153 987 2206 Praesentiam
1009 2155 1153 2206 amicorum
1175 2170 1233 2206 esse
1254 2170 1300 2222 per
1320 2169 1348 2205 se
1359 2151 1452 2221 jucun·
1522 2203 1523 2214 ,

506 2232 567 2284 dam
588 2239 615 2284 ct
636 2231 663 2284 iu
684 2232 800 2284 adversis
822 2238 848 2285 et
868 2232 895 2284 iu
916 2233 1039 2286 secundis
1060 2233 1148 2286 rebur.
1171 2235 1199 2298 5.
1219 2227 1306 2288 2-5.

479 2329 502 2368 a.
524 2313 564 2365 De
587 2313 737 2381 praesentia
757 2313 901 2366 amicorum
923 2315 949 2366 iu
971 2314 1050 2366 rebus
1072 2314 1197 2368 adversis.
1219 2315 1243 2380 §.
1266 2306 1348 2367 2-4.

508 2409 547 2446 aa.
568 2392 661 2446 Lerari
696 2393 788 2446 dolore
816 2410 862 2446 eos
889 2395 934 2463 qui
962 2394 1069 2458 dolent,
1096 2394 1187 2448 amicis
1215 2410 1327 2463 aequam
1353 2392 1453 2445 doloris

568 2480 671 2543 partem
692 2473 848 2536 ferentibus,
870 2475 893 2540 §.
915 2467 942 2528 2.

505 2553 545 2606 bb.
568 2553 722 2608 Amicorum
742 2556 920 2624 praesentiam
941 2551 1051 2606 mixtam
1072 2553 1207 2623 quandam
1222 2569 1279 2606 esse
1293 2552 1454 2622 minimeque
1523 2565 1524 2582 ¹

569 2634 725 2703 simplicem,
747 2652 817 2696 cum,
838 2633 888 2686 elsi
909 2633 973 2685 insit
993 2632 1020 2684 in
1042 2635 1127 2686 amico
1148 2633 1278 2704 quaedam
1301 2633 1338 2686 vis
1360 2650 1455 2685 conso·

568 2714 649 2776 laudi,
671 2721 761 2766 tamen
782 2713 888 2776 sentire,
910 2713 1023 2766 amicum
1045 2730 1122 2766 surim
1143 2715 1268 2766 molestia
1294 2731 1308 2766 e
1329 2713 1387 2766 suis
1414 2730 1454 2765 ca·
1523 2715 1524 2718 ’

569 2792 642 2846 sibus
664 2793 781 2846 adversis
803 2792 881 2857 affici,
902 2809 981 2862 grave
1003 2809 1034 2845 ac
1053 2795 1198 2846 molestum
1219 2794 1262 2845 sit.
1284 2796 1307 2860 §.
1329 2787 1417 2850 3-4.
1523 2857 1524 2864 ¹

477 2873 500 2926 b.
522 2872 676 2926 Amicorum
704 2873 881 2942 praesentiam
908 2874 935 2926 in
962 2872 1042 2926 rebus
1071 2872 1194 2926 secundis
1222 2891 1326 2944 semper
1352 2891 1401 2944 per
1428 2890 1454 2926 se
1523 2941 1524 2946 Ἰ

520 2951 667 3019 jucundam
689 2971 756 3006 esse.
778 2955 801 3020 §.
823 2949 850 3016 5,
872 2955 889 3005 l.
912 2948 997 3008 1-4.

410 3059 487 3102 ‚W
509 3033 655 3102 Praecepta
674 3033 804 3103 quaedam
833 3033 999 3086 observanda
1026 3050 1090 3103 erga
1116 3032 1216 3087 amicos
1244 3040 1303 3087 tum
1330 3034 1359 3085 in
1393 3050 1456 3103 pro-

503 3114 586 3182 speris
608 3112 686 3171 rebus
708 3121 765 3166 turn
786 3113 814 3166 in
836 3113 961 3167 adversis.
985 3106 1011 3184 6
1034 3108 1120 3169 5-6.

477 3209 499 3246 rr.
522 3192 631 3246 Amicus
659 3193 692 3245 ad
721 3211 763 3246 res
791 3194 921 3246 secundas
942 3193 1038 3264 cupide
1059 3193 1231 3264 studioseque
1251 3193 1397 3258 vocandos,
1419 3193 1451 3246 ad

504 3272 599 3326 dubias
613 3282 702 3326 autern
718 3282 743 3326 et
759 3274 882 3327 adversas
902 3274 1056 3328 dubitanter
1068 3291 1099 3326 ac
1113 3273 1214 3327 timide.
1231 3276 1257 3339 5.
1270 3271 1296 3339 5,
1308 3276 1324 3326 l.
1343 3268 1450 3329 4-11.

477 3354 500 3407 b.
523 3352 562 3405 Ad
584 3369 640 3419 eos,
661 3370 729 3423 quos
750 3354 859 3408 adversa
879 3363 906 3408 et
926 3353 1017 3424 iniqua
1036 3354 1145 3408 fortuna
1165 3354 1277 3424 premit,
1304 3355 1400 3423 cupide
1429 3361 1454 3406 et

525 3435 596 3486 ultro
614 3434 730 3488 eundum
752 3452 821 3498 esse,
841 3451 891 3488 uec
912 3435 1119 3504 exspectandum
1131 3434 1195 3487 dum
1216 3434 1334 3498 voceris;
1357 3435 1453 3487 adres

525 3514 670 3580 secundas,
704 3523 733 3568 ut
759 3515 788 3568 in
820 3514 901 3568 rebus
929 3514 1038 3584 agendis
1067 3515 1173 3582 adjutor
1199 3509 1251 3580 iis,
1280 3516 1403 3568 alacriter
1429 3522 1455 3566 et

524 3595 622 3648 cursim
643 3595 759 3648 eundum
780 3613 853 3648 esse:
875 3601 905 3647 ut
926 3611 987 3648 vero
1011 3594 1169 3650 beneficium
1199 3594 1328 3666 accipias,
1361 3595 1455 3664 grada-

525 3675 573 3728 tim
594 3693 625 3728 ac
645 3675 817 3745 pedetentim.
840 3678 866 3741 5.
888 3668 915 3730 6.

396 3779 424 3822 γ.
448 3753 561 3824 Caput
582 3755 841 3810 duodecimum:
862 3756 904 3808 De
925 3755 1068 3827 praecipuo
1092 3772 1201 3810 munere
1222 3753 1364 3811 amicitiae.

436 3859 483 3892 aaa·
507 3835 584 3889 Vitae
606 3834 762 3890 societatum
785 3836 812 3889 in
834 3834 950 3890 amicitia
971 3835 1084 3889 maxime
1108 3835 1221 3906 requiri,
1248 3837 1311 3907 quia
1339 3832 1454 3904 cujusvis

503 3917 542 3968 rei
571 3917 655 3985 gratia
681 3917 792 3987 quisque
821 3918 908 3970 rivere
929 3922 1053 3986 exoptat,
1082 3915 1109 3969 in
1136 3933 1169 3970 ea
1195 3918 1251 3969 vult
1277 3933 1338 3969 eum
1362 3916 1455 3986 amicis

504 3995 586 4049 vitam
608 3996 753 4050 traducere.
776 3999 802 4062 5.
826 3990 911 4052 1-2.

436 4085 484 4145 pp.
505 4074 536 4128 In
564 4075 698 4129 bonorum
733 4085 759 4129 et
786 4079 917 4131 malorum
946 4073 1063 4128 amicitia
1089 4076 1132 4140 id,
1160 4075 1232 4146 quod
1258 4082 1320 4129 sunt
1341 4072 1455 4144 utrique,

506 4155 664 4224 quotidiano
686 4155 846 4210 commercio
868 4164 895 4210 et
915 4171 1060 4224 congressu
1082 4156 1245 4226 amplificari.
1267 4158 1293 4223 5.
1314 4149 1342 4212 3.

297 4232 344 4286 lll.
366 4234 407 4287 De
429 4235 566 4304 voluptate
588 4243 614 4287 et
635 4235 776 4290 felicitate:
798 4235 906 4290 Liber
928 4234 1093 4290 decimus.

339 4307 364 4370 i.
387 4314 427 4366 De
450 4315 601 4384 voluptate:
621 4332 643 4368 c.
667 4310 752 4372 1—5.

370 4413 393 4449 α.
416 4392 530 4463 Caput
550 4396 712 4465 primum:
740 4395 781 4450 Ad
803 4398 931 4451 moralem
956 4395 1148 4468 philosophum
1174 4395 1306 4465 pertinere
1334 4393 1455 4450 couside-

420 4473 551 4530 rationem
573 4474 726 4546 voluptatis.

398 4577 425 4611 a.
447 4554 621 4625 Voluptatem
642 4574 699 4612 esse
719 4563 814 4613 nostro
840 4559 932 4628 generi
956 4555 1210 4627 conjunctissimum.
1232 4557 1258 4624 5.
1281 4550 1307 4623 1,
1327 4559 1345 4614 l.
1368 4552 1453 4619 1-4.
