3064 5036
510 334 677 408 Conspectus
697 331 762 390 libri
781 333 841 390 VII.
1154 333 1274 389 XXXIII

215 563 235 598 ι.
262 539 367 601 Quinto
387 536 528 592 dubitatio.
550 539 592 592 De
611 537 698 609 prima
718 535 808 606 (tertia
829 544 856 592 ct
878 536 984 609 quarta)
1006 533 1143 607 opinione.
1176 535 1276 590 Intem-

265 627 412 691 perantem,
434 621 480 690 qui
501 637 533 673 ex
553 621 624 672 mala
644 619 816 689 persuasione
837 618 902 689 agit,
922 617 1058 670 meliorem
1080 615 1163 670 videri
1183 615 1276 671 incon·

265 701 377 765 tinente,
399 699 444 770 qui
466 705 560 752 contra
580 699 679 752 bonam
702 699 906 769 persuasionem
934 698 1004 767 ogit,
1030 713 1091 750 cum
1117 696 1192 768 prior
1218 715 1277 768 per-

229 785 235 790 ”
266 780 393 834 suasione
414 787 517 832 mutata
538 779 636 848 corrigi
656 780 751 850 possit.
774 782 799 844 S.
822 774 868 834 10.

215 856 242 934 ζ.
265 862 347 915 Sexta
368 859 510 913 dubitatio.
532 861 573 913 De
594 867 668 913 sexta
682 859 816 930 opinione.
838 859 968 912 Absolute
980 857 1190 913 incontinentem
1211 875 1279 924 esse,

266 940 344 1010 cujus
365 940 560 994 incontinentia
581 939 609 992 in
629 939 812 1010 voluptatibus
833 946 960 995 versetur.
983 941 1008 1004 S.
1032 933 1077 994 11.

153 1014 181 1076 2.
204 1022 363 1076 Solutiones
384 1020 579 1074 difficultatum.
601 1020 807 1074 Accuratissimc
828 1019 861 1074 de
882 1019 1046 1074 continentia
1066 1025 1093 1074 et
1112 1018 1280 1074 incontinen-

205 1101 244 1156 tia
260 1101 413 1172 exponitur.
435 1119 457 1154 c.
480 1093 588 1156 3-10.

185 1201 210 1237 a.
234 1182 352 1253 Caput
372 1182 534 1235 tertium:
548 1179 653 1234 Solutio
664 1180 757 1251 prima.
772 1179 887 1235 Tollitur
898 1179 983 1251 prima
994 1179 1135 1246 dubitatio,
1148 1199 1181 1235 an
1193 1183 1279 1236 sciens

238 1273 265 1317 et
288 1279 406 1334 quonam
426 1267 507 1332 pacto
528 1261 614 1314 sciens
635 1261 801 1314 incontinens
822 1267 891 1331 agat.

213 1369 240 1402 a.
262 1343 328 1397 'Ires
349 1349 452 1395 tantum
473 1359 506 1396 ex
526 1341 651 1394 omnibus
672 1342 841 1412 quaestiones
861 1341 1019 1394 nominatim
1040 1348 1193 1411 tanguntur.
1214 1343 1273 1396 Ex·

263 1431 402 1494 ponuntur
421 1439 489 1493 quae
510 1423 538 1474 in
558 1421 718 1494 expellendis
735 1421 948 1475 dubitationibus
968 1423 1106 1476 tractanda
1127 1421 1188 1489 sint,
1210 1431 1236 1476 et
1266 1443 1281 1477 a

265 1503 363 1574 quibus
385 1502 491 1555 initium
512 1502 587 1555 sumi
608 1509 739 1573 oporteat.
761 1505 786 1568 S.
809 1496 895 1559 1-2.

213 1597 243 1657 β.
266 1583 383 1636 Primam
404 1582 613 1646 dubitationem,
642 1579 778 1654 quomodo
806 1583 833 1636 in
861 1582 959 1637 sciente
988 1583 1120 1652 cupiditas
1149 1581 1281 1635 dominari

272 1665 367 1734 possit,
386 1681 441 1717 non
463 1663 531 1718 bene
552 1669 682 1716 exemtam
702 1662 786 1716 fuisse
801 1662 835 1716 ab
853 1663 885 1717 iis
907 1661 952 1734 qui
974 1661 1104 1727 dixerunt,
1127 1662 1281 1733 opinionem

272 1761 327 1796 non
348 1743 487 1797 scientiam
506 1743 683 1797 incontinenti
702 1743 804 1810 inesse,
833 1762 895 1798 cum
922 1742 1043 1814 opinioni
1068 1760 1125 1796 non
1150 1742 1281 1798 minorem

264 1823 353 1877 ‘Iidem
374 1841 454 1895 qnam
476 1823 600 1878 scientiae
620 1823 717 1878 habere
737 1825 832 1894 possit.
854 1827 879 1890 5.
901 1817 988 1880 3-4.

221 1930 251 1976 γ.
275 1905 392 1958 Solvitur
413 1904 498 1974 prima
518 1903 639 1974 quaestio
661 1906 702 1957 rel
722 1904 864 1958 dubitatio.
887 1908 912 1971 §.
935 1897 1041 1960 5-14.

264 2008 310 2042 aa.
333 1983 440 2044 Quibus
461 1983 549 2037 modis
571 1983 638 2038 scire
659 1983 770 2039 dicatur.
794 1988 820 2051 S.
842 1981 928 2040 5-7.

332 2079 355 2116 o.
367 2063 402 2116 Et
421 2081 482 2118 cum
494 2063 539 2134 qui
553 2064 810 2136 scientiapraeditus
831 2065 866 2120 sit
885 2083 935 2120 neo
946 2083 977 2120 ea
997 2069 1097 2130 utatur,
1118 2069 1145 2117 et
1164 2066 1283 2136 eumqni

364 2151 463 2208 utatur,
485 2143 551 2198 scire
573 2144 632 2198 dici.
654 2147 679 2211 §.
702 2141 729 2202 5.

332 2223 355 2281 b.
368 2224 437 2278 Cum
464 2224 574 2279 scientia
601 2226 768 2280 contineatur
787 2225 973 2299 propositione
993 2223 1094 2294 majore
1115 2229 1141 2278 et
1161 2225 1284 2296 proposi-

364 2305 438 2360 tione
468 2305 570 2359 minore
601 2306 758 2377 syllogismi,
780 2315 826 2359 aut
859 2306 935 2361 illum
972 2306 1018 2377 qui
1045 2313 1185 2375 utramque
1217 2305 1285 2358 sciat

365 2387 447 2438 altera
473 2391 578 2439 tantum
608 2385 657 2452 uti,
678 2395 724 2438 ant
745 2386 834 2456 agenti
862 2389 970 2440 alteram
999 2385 1148 2453 (minorem
1168 2387 1283 2454 nempe)

364 2465 484 2534 ignotam
504 2483 562 2520 esse
582 2483 671 2536 posse.
694 2468 719 2530 ὃ.
741 2460 768 2522 6.

332 2561 351 2600 e.
372 2545 488 2599 Habitus
517 2547 691 2600 differentiam
717 2545 745 2599 iu
766 2564 798 2600 eo
818 2545 883 2612 niti,
910 2545 984 2618 quod
1009 2546 1069 2616 quis
1098 2551 1145 2597 aut
1173 2543 1284 2598 scientia

385 2644 433 2680 sua
454 2627 546 2694 utitur,
567 2634 614 2680 aut
634 2645 698 2692 non,
719 2627 807 2700 aliqua
832 2625 913 2681 animi
939 2623 1140 2698 perturbatione
1169 2625 1285 2680 concita·

387 2713 438 2760 tus
461 2708 487 2772 §-
509 2703 537 2764 7.

263 2799 310 2859 pp.
334 2786 396 2848 Quo
417 2805 498 2840 sensu
517 2786 715 2844 incontinentes
736 2787 802 2843 scire
824 2785 953 2842 dicantur.
976 2789 1002 2853 δ.
1023 2779 1130 2842 8-12.

331 2867 455 2920 a.Scire·
473 2873 552 2940 atque
585 2869 652 2922 adeo
680 2867 853 2940 pronuntiare
880 2885 972 2922 rerum
1000 2867 1213 2932 incontinentes,
1239 2866 1286 2920 sed

364 2946 485 3000 nondum
505 2947 532 3001 in
554 2965 663 3002 succum
684 2956 711 3003 et
730 2951 888 3020 sanguinem
908 2948 1078 3003 convertisse.
1101 2951 1125 3012 S.
1149 2939 1177 3002 8.

332 3027 355 3080 b.
366 3027 480 3080 Etiamsi
512 3035 624 3100 utraque
660 3029 811 3100 propositio
845 3028 991 3100 syllogismi
1017 3026 1194 3082 incontinenti
1218 3035 1285 3080 nota

364 3109 407 3172 sit,
438 3105 564 3176 majorem
595 3116 683 3164 tamen
704 3108 903 3180 perturbatione
929 3109 1044 3180 perverti
1071 3115 1098 3162 et
1126 3106 1287 3160 contrariam

366 3189 520 3257 opinionem
541 3189 683 3246 introduci.
705 3193 730 3255 S.
752 3183 854 3246 9-11.

335 3283 353 3320 e.
374 3267 470 3321 Redire
498 3267 636 3340 pristinam
664 3269 802 3324 scientiam
823 3270 969 3343 cupiditate
991 3269 1107 3339 expulsa.
1129 3269 1155 3333 S.
1180 3261 1225 3323 I2.

267 3371 316 3416 pp.
333 3345 514 3416 Cupiditatem
535 3350 563 3402 in
583 3349 721 3403 scientiam
743 3351 874 3404 dominari
894 3368 949 3404 uon
970 3366 1058 3420 posse,
1078 3355 1210 3418 quatenus
1231 3365 1287 3400 uon

331 3425 416 3495 major
436 3428 596 3501 propositio,
616 3447 693 3501 quae,
715 3437 746 3483 ut
766 3430 931 3495 universalis,
953 3437 993 3483 est
1013 3428 1148 3494 scientiae,
1170 3427 1217 3482 sed
1237 3427 1286 3480 mi-

333 3524 392 3572 nor,
414 3525 491 3579 quae,
513 3517 544 3561 ut
562 3510 738 3581 particularis,
763 3519 804 3566 est
824 3529 932 3575 sensus,
959 3528 975 3563 a
1001 3507 1200 3582 perturbatione
1227 3526 1286 3578 per·

332 3589 450 3644 vertitur.
472 3590 498 3653 §-
521 3582 566 3644 13.

198 3665 221 3721 b.
245 3665 351 3720 Solutio
379 3668 510 3733 secunda,
541 3669 685 3724 secundam
713 3678 740 3724 et
771 3671 876 3726 tertiam
903 3667 1088 3742 quaestionem
1116 3669 1288 3738 amplectens.

248 3747 364 3801 Tollitur
384 3755 459 3802 sexta
486 3748 631 3826 dubitatio,
656 3768 788 3822 quaenam
817 3753 853 3806 sit
879 3749 1007 3818 materia,
1034 3750 1063 3808 in
1090 3766 1143 3822 qua
1170 3755 1290 3804 versetur

248 3827 390 3882 continens
411 3835 438 3882 et
456 3827 635 3884 incontinens.

230 3931 257 3965 a.
281 3908 404 3962 Secunda
425 3909 546 3980 quaestio
567 3917 703 3978 tractatur,
725 3919 815 3966 utrum
836 3912 871 3967 sit
892 3910 989 3984 aliquis
1005 3908 1127 3965 absolute
1148 3911 1290 3965 continens

280 3995 307 4044 et
326 3988 496 4044 incontinens
520 4007 612 4048 necne.

269 4093 316 4130 aa.
339 4069 453 4140 Caput
472 4077 648 4142 quartum:
670 4071 747 4126 Circa
768 4090 836 4144 quae
857 4079 884 4127 et
905 4071 1027 4127 absolute
1049 4077 1076 4127 et
1089 4089 1121 4127 ex
1134 4077 1209 4144 parte
1229 4088 1293 4126 con·

191 4149 216 4210 ⁸,
337 4149 424 4204 tineus
445 4159 471 4204 et
491 4151 658 4206 incontinens
679 4160 824 4206 versentur.
1133 4219 1137 4228 1

311 4247 334 4285 a.
357 4229 516 4300 Simpliciter
536 4233 746 4286 incontinentem
766 4232 864 4288 versari
885 4232 914 4288 in
927 4233 1084 4289 necessariIs
1098 4232 1291 4303 voluptatibus,

358 4310 569 4366 incontinentem
589 4331 622 4367 ex
642 4313 730 4385 aliqua
751 4321 826 4385 parte
852 4316 881 4368 in
907 4313 955 4382 iis,
984 4331 1069 4386 quae,
1096 4329 1156 4369 cum
1182 4312 1291 4372 minime

361 4391 525 4446 necessariae
546 4392 608 4458 rint,
628 4411 676 4464 per
696 4411 725 4449 se
746 4401 835 4450 tamen
862 4401 926 4450 sunt
953 4394 1084 4465 optabiles
1113 4401 1141 4448 ct
1169 4399 1292 4463 expeten-

361 4471 419 4526 dae.
441 4474 466 4537 S.
489 4465 570 4530 1··3.

311 4548 335 4602 b.
357 4551 518 4622 Simplidtcr
538 4552 719 4611 continentem
740 4562 767 4612 et
791 4554 1002 4614 incontiuentcm
1027 4553 1056 4611 in
1087 4551 1183 4608 iisdem
1215 4553 1291 4606 volu·

163 4634 498 4689 commensurabiliter
507 4642 644 4695 llioormecl.
657 4631 776 4693 insistet.
1001 4627 1003 4631 ’
1093 4649 1134 4705 111
