<?xml version="1.0" encoding="UTF-8"?>
<!DOCTYPE html PUBLIC "-//W3C//DTD XHTML 1.0 Transitional//EN"
    "http://www.w3.org/TR/xhtml1/DTD/xhtml1-transitional.dtd">
<html xmlns="http://www.w3.org/1999/xhtml" xml:lang="en" lang="en">
 <head>
  <title>
</title>
<meta http-equiv="Content-Type" content="text/html;charset=utf-8" />
  <meta name='ocr-system' content='tesseract 3.04.00' />
  <meta name='ocr-capabilities' content='ocr_page ocr_carea ocr_par ocr_line ocrx_word'/>
</head>
<body>
  <div class='ocr_page' id='page_1' title='image "aristotelisethi02arisgoog_0085.png"; bbox 0 0 3064 5036; ppageno 0'>
   <div class='ocr_carea' id='block_1_1' title="bbox 246 317 1128 390">
    <p class='ocr_par' dir='ltr' id='par_1_1' title="bbox 246 317 1128 390">
     <span class='ocr_line' id='line_1_1' title="bbox 246 317 1128 390; baseline 0.003 -14"><span class='ocrx_word' id='word_1_1' title='bbox 246 317 297 390; x_wconf 72' lang='lat'><strong>28</strong></span> <span class='ocrx_word' id='word_1_2' title='bbox 523 322 703 377; x_wconf 82' lang='lat' dir='ltr'><strong>Commentar.</strong></span> <span class='ocrx_word' id='word_1_3' title='bbox 731 321 765 376; x_wconf 83' lang='lat' dir='ltr'><strong>ad</strong></span> <span class='ocrx_word' id='word_1_4' title='bbox 785 322 895 377; x_wconf 84' lang='lat' dir='ltr'><strong>Aristot.</strong></span> <span class='ocrx_word' id='word_1_5' title='bbox 917 321 1002 378; x_wconf 82' lang='lat' dir='ltr'><strong>Ethic.</strong></span> <span class='ocrx_word' id='word_1_6' title='bbox 1024 321 1128 379; x_wconf 90' lang='lat' dir='ltr'><strong>Nicom.</strong></span> 
     </span>
    </p>
   </div>
   <div class='ocr_carea' id='block_1_2' title="bbox 246 527 1406 626">
    <p class='ocr_par' dir='ltr' id='par_1_2' title="bbox 246 527 1406 626">
     <span class='ocr_line' id='line_1_2' title="bbox 246 527 1406 626; baseline -0.002 -20"><span class='ocrx_word' id='word_1_7' title='bbox 246 538 386 626; x_wconf 74' lang='grc' dir='ltr'>γνωρίμων</span> <span class='ocrx_word' id='word_1_8' title='bbox 402 533 471 618; x_wconf 88' lang='grc' dir='ltr'>τινδς</span> <span class='ocrx_word' id='word_1_9' title='bbox 493 533 571 606; x_wconf 75' lang='lat' dir='ltr'><strong>acroi</strong></span> <span class='ocrx_word' id='word_1_10' title='bbox 594 536 780 620; x_wconf 80' lang='grc' dir='ltr'>φιλοσοφίαν,</span> <span class='ocrx_word' id='word_1_11' title='bbox 804 533 870 617; x_wconf 71' lang='grc' dir='ltr'>οἷον,</span> <span class='ocrx_word' id='word_1_12' title='bbox 894 527 938 603; x_wconf 82' lang='grc' dir='ltr'>ότι</span> <span class='ocrx_word' id='word_1_13' title='bbox 957 534 1008 604; x_wconf 79' lang='grc' dir='ltr'><strong>οὐκ</strong></span> <span class='ocrx_word' id='word_1_14' title='bbox 1024 535 1098 606; x_wconf 79' lang='grc' dir='ltr'>ἔστιν</span> <span class='ocrx_word' id='word_1_15' title='bbox 1118 535 1277 625; x_wconf 72' lang='grc' dir='ltr'>ἀντιλέγειν,</span> <span class='ocrx_word' id='word_1_16' title='bbox 1301 534 1406 606; x_wconf 72' lang='grc' dir='ltr'>καθοί-</span> 
     </span>
    </p>
   </div>
   <div class='ocr_carea' id='block_1_3' title="bbox 246 637 1407 737">
    <p class='ocr_par' dir='ltr' id='par_1_3' title="bbox 246 637 1407 737">
     <span class='ocr_line' id='line_1_3' title="bbox 246 637 1407 737; baseline -0.001 -20"><span class='ocrx_word' id='word_1_17' title='bbox 246 675 300 734; x_wconf 85' lang='grc' dir='ltr'>νιερ</span> <span class='ocrx_word' id='word_1_18' title='bbox 324 648 380 737; x_wconf 75' lang='grc' dir='ltr'><strong>ἔφη</strong></span> <span class='ocrx_word' id='word_1_19' title='bbox 400 645 600 735; x_wconf 68' lang='grc' dir='ltr'><strong>Ἀντισθένης,</strong></span> <span class='ocrx_word' id='word_1_20' title='bbox 631 641 650 735; x_wconf 76' lang='grc' dir='ltr'>ἢ</span> <span class='ocrx_word' id='word_1_21' title='bbox 674 637 717 715; x_wconf 80' lang='grc' dir='ltr'>ότι</span> <span class='ocrx_word' id='word_1_22' title='bbox 740 643 834 715; x_wconf 83' lang='grc' dir='ltr'>πιόντα</span> <span class='ocrx_word' id='word_1_23' title='bbox 857 656 973 718; x_wconf 71' lang='grc' dir='ltr'>κινεῖται</span> <span class='ocrx_word' id='word_1_24' title='bbox 993 647 1064 719; x_wconf 65' lang='grc' dir='ltr'>καθ’</span> <span class='ocrx_word' id='word_1_25' title='bbox 1092 645 1294 735; x_wconf 79' lang='grc' dir='ltr'>Ἦριίκλειτον,</span> <span class='ocrx_word' id='word_1_26' title='bbox 1318 642 1339 736; x_wconf 79' lang='grc' dir='ltr'>ἢ</span> <span class='ocrx_word' id='word_1_27' title='bbox 1362 641 1407 716; x_wconf 83' lang='grc' dir='ltr'>ότι</span> 
     </span>
    </p>
   </div>
   <div class='ocr_carea' id='block_1_4' title="bbox 243 756 1408 2310">
    <p class='ocr_par' dir='ltr' id='par_1_4' title="bbox 243 756 1408 2310">
     <span class='ocr_line' id='line_1_4' title="bbox 246 756 1406 856; baseline -0.002 -27"><span class='ocrx_word' id='word_1_28' title='bbox 246 761 272 830; x_wconf 77' lang='grc' dir='ltr'><strong>ἓν</strong></span> <span class='ocrx_word' id='word_1_29' title='bbox 293 759 328 829; x_wconf 84' lang='grc' dir='ltr'><strong>τδ</strong></span> <span class='ocrx_word' id='word_1_30' title='bbox 353 756 390 842; x_wconf 83' lang='grc' dir='ltr'><strong>δν,</strong></span> <span class='ocrx_word' id='word_1_31' title='bbox 413 756 551 845; x_wconf 63' lang='grc' dir='ltr'>καθάπερ</span> <span class='ocrx_word' id='word_1_32' title='bbox 573 756 721 842; x_wconf 84' lang='grc' dir='ltr'>Μέλισσός</span> <span class='ocrx_word' id='word_1_33' title='bbox 743 771 828 848; x_wconf 86' lang='grc' dir='ltr'>φησι·</span> <span class='ocrx_word' id='word_1_34' title='bbox 852 757 885 828; x_wconf 82' lang='grc' dir='ltr'><strong>τδ</strong></span> <span class='ocrx_word' id='word_1_35' title='bbox 908 757 963 848; x_wconf 79' lang='grc' dir='ltr'><strong>γδρ</strong></span> <span class='ocrx_word' id='word_1_36' title='bbox 986 762 1039 830; x_wconf 71' lang='lat' dir='ltr'><strong>ccii</strong></span> <span class='ocrx_word' id='word_1_37' title='bbox 1060 758 1196 848; x_wconf 77' lang='grc' dir='ltr'>τυχόντος</span> <span class='ocrx_word' id='word_1_38' title='bbox 1216 761 1324 856; x_wconf 78' lang='grc' dir='ltr'>ἐναντία</span> <span class='ocrx_word' id='word_1_39' title='bbox 1343 767 1406 842; x_wconf 78' lang='grc' dir='ltr'>ταῖς</span> 
     </span>
     <span class='ocr_line' id='line_1_5' title="bbox 246 859 1407 962; baseline -0.002 -20"><span class='ocrx_word' id='word_1_40' title='bbox 246 875 341 961; x_wconf 79' lang='grc' dir='ltr'>δόξαις</span> <span class='ocrx_word' id='word_1_41' title='bbox 375 869 595 961; x_wconf 70' lang='grc' dir='ltr'>ἀποφηναμένου</span> <span class='ocrx_word' id='word_1_42' title='bbox 629 872 799 957; x_wconf 82' lang='grc' dir='ltr'>φροντίζειν,</span> <span class='ocrx_word' id='word_1_43' title='bbox 833 859 933 962; x_wconf 62' lang='grc' dir='ltr'>εὔηθες</span> <span class='ocrx_word' id='word_1_44' title='bbox 961 903 989 941; x_wconf 90' lang='grc' dir='ltr'><strong>κ.</strong></span> <span class='ocrx_word' id='word_1_45' title='bbox 1018 903 1046 942; x_wconf 85' lang='grc' dir='ltr'><strong>τ.</strong></span> <span class='ocrx_word' id='word_1_46' title='bbox 1076 887 1105 944; x_wconf 90' lang='grc' dir='ltr'><strong>λ.</strong></span> <span class='ocrx_word' id='word_1_47' title='bbox 1158 877 1213 942; x_wconf 83' lang='lat' dir='ltr'><strong>Sic</strong></span> <span class='ocrx_word' id='word_1_48' title='bbox 1240 876 1407 942; x_wconf 78' lang='lat' dir='ltr'>Ciceronis</span> 
     </span>
     <span class='ocr_line' id='line_1_6' title="bbox 246 975 1408 1074; baseline -0.003 -19"><span class='ocrx_word' id='word_1_49' title='bbox 246 990 421 1074; x_wconf 80' lang='lat' dir='ltr'><strong>secundum</strong></span> <span class='ocrx_word' id='word_1_50' title='bbox 444 987 632 1052; x_wconf 78' lang='lat' dir='ltr'><strong>Paradoxon</strong></span> <span class='ocrx_word' id='word_1_51' title='bbox 658 975 713 1071; x_wconf 81' lang='grc' dir='ltr'>(ότι</span> <span class='ocrx_word' id='word_1_52' title='bbox 736 981 880 1074; x_wconf 73' lang='grc' dir='ltr'>αὐτάρκης</span> <span class='ocrx_word' id='word_1_53' title='bbox 903 981 1028 1074; x_wconf 71' lang='grc' dir='ltr'>ἡᾶρετὴ</span> <span class='ocrx_word' id='word_1_54' title='bbox 1051 982 1121 1072; x_wconf 75' lang='grc' dir='ltr'>πρός</span> <span class='ocrx_word' id='word_1_55' title='bbox 1143 983 1344 1074; x_wconf 77' lang='grc' dir='ltr'>εὐδαιμονίαν),</span> <span class='ocrx_word' id='word_1_56' title='bbox 1368 1009 1408 1052; x_wconf 83' lang='lat' dir='ltr'><strong>ex</strong></span> 
     </span>
     <span class='ocr_line' id='line_1_7' title="bbox 245 1099 1407 1185; baseline -0.004 -18"><span class='ocrx_word' id='word_1_57' title='bbox 245 1101 425 1167; x_wconf 84' lang='lat' dir='ltr'><strong>Stoicorum</strong></span> <span class='ocrx_word' id='word_1_58' title='bbox 448 1099 552 1165; x_wconf 86' lang='lat' dir='ltr'><strong>ethica</strong></span> <span class='ocrx_word' id='word_1_59' title='bbox 575 1100 776 1184; x_wconf 87' lang='lat' dir='ltr'><strong>decerptum,</strong></span> <span class='ocrx_word' id='word_1_60' title='bbox 804 1099 887 1178; x_wconf 64' lang='grc' dir='ltr'>θέσις</span> <span class='ocrx_word' id='word_1_61' title='bbox 910 1101 1065 1166; x_wconf 88' lang='lat' dir='ltr'><strong>nominari</strong></span> <span class='ocrx_word' id='word_1_62' title='bbox 1086 1110 1205 1185; x_wconf 72' lang='lat' dir='ltr'><strong>potest.</strong></span> <span class='ocrx_word' id='word_1_63' title='bbox 1232 1137 1271 1150; x_wconf 89' lang='lat'><strong>·-·</strong></span> <span class='ocrx_word' id='word_1_64' title='bbox 1297 1100 1324 1164; x_wconf 78' lang='grc' dir='ltr'><strong>ἐν</strong></span> <span class='ocrx_word' id='word_1_65' title='bbox 1347 1104 1407 1177; x_wconf 74' lang='grc' dir='ltr'>τοῖς</span> 
     </span>
     <span class='ocr_line' id='line_1_8' title="bbox 245 1204 1406 1298; baseline -0.002 -21"><span class='ocrx_word' id='word_1_66' title='bbox 245 1211 409 1298; x_wconf 80' lang='grc' dir='ltr'>ἒγκυκλίοις)</span> <span class='ocrx_word' id='word_1_67' title='bbox 433 1211 611 1278; x_wconf 77' lang='lat' dir='ltr'><strong>Notissima</strong></span> <span class='ocrx_word' id='word_1_68' title='bbox 634 1224 710 1276; x_wconf 83' lang='lat' dir='ltr'><strong>sunt</strong></span> <span class='ocrx_word' id='word_1_69' title='bbox 730 1204 769 1276; x_wconf 76' lang='grc' dir='ltr'><strong>τοί</strong></span> <span class='ocrx_word' id='word_1_70' title='bbox 792 1204 927 1296; x_wconf 71' lang='grc' dir='ltr'>ἐγκύκλια</span> <span class='ocrx_word' id='word_1_71' title='bbox 941 1213 993 1278; x_wconf 82' lang='lat' dir='ltr'><strong>vel</strong></span> <span class='ocrx_word' id='word_1_72' title='bbox 1013 1206 1147 1297; x_wconf 78' lang='grc' dir='ltr'>έγκιίκλιοι</span> <span class='ocrx_word' id='word_1_73' title='bbox 1170 1205 1406 1298; x_wconf 76' lang='grc' dir='ltr'>φιλοσοφήματα</span> 
     </span>
     <span class='ocr_line' id='line_1_9' title="bbox 245 1317 1406 1410; baseline -0.002 -20"><span class='ocrx_word' id='word_1_74' title='bbox 245 1325 328 1410; x_wconf 84' lang='lat' dir='ltr'><strong>apud</strong></span> <span class='ocrx_word' id='word_1_75' title='bbox 351 1325 573 1404; x_wconf 87' lang='lat' dir='ltr'><strong>Aristotelem,</strong></span> <span class='ocrx_word' id='word_1_76' title='bbox 604 1346 683 1410; x_wconf 89' lang='lat' dir='ltr'><strong>quos</strong></span> <span class='ocrx_word' id='word_1_77' title='bbox 707 1324 802 1389; x_wconf 87' lang='lat' dir='ltr'><strong>etiam</strong></span> <span class='ocrx_word' id='word_1_78' title='bbox 825 1325 951 1410; x_wconf 88' lang='lat' dir='ltr'><strong>saepius</strong></span> <span class='ocrx_word' id='word_1_79' title='bbox 980 1319 1080 1408; x_wconf 84' lang='grc' dir='ltr'>λόγους</span> <span class='ocrx_word' id='word_1_80' title='bbox 1105 1317 1286 1409; x_wconf 77' lang='grc' dir='ltr'>ἐξωτερικοός</span> <span class='ocrx_word' id='word_1_81' title='bbox 1309 1333 1406 1390; x_wconf 88' lang='lat' dir='ltr'><strong>vocat</strong></span> 
     </span>
     <span class='ocr_line' id='line_1_10' title="bbox 246 1435 1405 1523; baseline -0.001 -22"><span class='ocrx_word' id='word_1_82' title='bbox 246 1438 326 1521; x_wconf 82' lang='lat' dir='ltr'><strong>(infr.</strong></span> <span class='ocrx_word' id='word_1_83' title='bbox 356 1459 383 1500; x_wconf 90' lang='lat' dir='ltr'><strong>c.</strong></span> <span class='ocrx_word' id='word_1_84' title='bbox 410 1436 466 1516; x_wconf 82' lang='lat'><strong>13,</strong></span> <span class='ocrx_word' id='word_1_85' title='bbox 498 1437 526 1521; x_wconf 75' lang='grc' dir='ltr'><strong>φ.</strong></span> <span class='ocrx_word' id='word_1_86' title='bbox 551 1437 587 1517; x_wconf 84' lang='lat'><strong>93</strong></span> <span class='ocrx_word' id='word_1_87' title='bbox 616 1436 675 1516; x_wconf 93' lang='lat' dir='ltr'><strong>Vl,</strong></span> <span class='ocrx_word' id='word_1_88' title='bbox 700 1459 728 1502; x_wconf 92' lang='lat' dir='ltr'><strong>c.</strong></span> <span class='ocrx_word' id='word_1_89' title='bbox 753 1435 790 1515; x_wconf 87' lang='grc'><strong>4,</strong></span> <span class='ocrx_word' id='word_1_90' title='bbox 816 1437 844 1519; x_wconf 79' lang='grc' dir='ltr'><strong>φ.</strong></span> <span class='ocrx_word' id='word_1_91' title='bbox 868 1437 919 1520; x_wconf 82' lang='lat'><strong>2),</strong></span> <span class='ocrx_word' id='word_1_92' title='bbox 953 1447 990 1501; x_wconf 92' lang='lat' dir='ltr'><strong>ut</strong></span> <span class='ocrx_word' id='word_1_93' title='bbox 1020 1447 1129 1523; x_wconf 89' lang='lat' dir='ltr'><strong>aperte</strong></span> <span class='ocrx_word' id='word_1_94' title='bbox 1151 1435 1333 1520; x_wconf 82' lang='lat' dir='ltr'><strong>Simplicius</strong></span> <span class='ocrx_word' id='word_1_95' title='bbox 1364 1437 1405 1500; x_wconf 89' lang='lat' dir='ltr'><strong>ad</strong></span> 
     </span>
     <span class='ocr_line' id='line_1_11' title="bbox 244 1541 1404 1634; baseline -0.003 -19"><span class='ocrx_word' id='word_1_96' title='bbox 244 1549 342 1615; x_wconf 86' lang='lat' dir='ltr'><strong>Arist.</strong></span> <span class='ocrx_word' id='word_1_97' title='bbox 372 1550 412 1613; x_wconf 93' lang='lat' dir='ltr'><strong>de</strong></span> <span class='ocrx_word' id='word_1_98' title='bbox 441 1549 541 1614; x_wconf 87' lang='lat' dir='ltr'><strong>Coelo</strong></span> <span class='ocrx_word' id='word_1_99' title='bbox 563 1547 593 1627; x_wconf 94' lang='lat' dir='ltr'><strong>l,</strong></span> <span class='ocrx_word' id='word_1_100' title='bbox 616 1548 655 1629; x_wconf 82' lang='lat'><strong>9,</strong></span> <span class='ocrx_word' id='word_1_101' title='bbox 683 1549 737 1612; x_wconf 87' lang='lat' dir='ltr'><strong>fol.</strong></span> <span class='ocrx_word' id='word_1_102' title='bbox 763 1547 816 1626; x_wconf 87' lang='grc'><strong>67,</strong></span> <span class='ocrx_word' id='word_1_103' title='bbox 840 1547 872 1612; x_wconf 88' lang='lat' dir='ltr'><strong>b.</strong></span> <span class='ocrx_word' id='word_1_104' title='bbox 895 1557 1046 1614; x_wconf 78' lang='lat' dir='ltr'><strong>testatur:</strong></span> <span class='ocrx_word' id='word_1_105' title='bbox 1070 1541 1206 1634; x_wconf 74' lang='grc' dir='ltr'>ἐγκύκλια</span> <span class='ocrx_word' id='word_1_106' title='bbox 1232 1544 1404 1632; x_wconf 77' lang='grc' dir='ltr'>φιλοσοφή-</span> 
     </span>
     <span class='ocr_line' id='line_1_12' title="bbox 244 1651 1405 1747; baseline -0.001 -22"><span class='ocrx_word' id='word_1_107' title='bbox 244 1685 325 1747; x_wconf 89' lang='grc' dir='ltr'>ματα</span> <span class='ocrx_word' id='word_1_108' title='bbox 347 1665 435 1728; x_wconf 76' lang='grc' dir='ltr'>καλεῖ</span> <span class='ocrx_word' id='word_1_109' title='bbox 460 1655 499 1725; x_wconf 79' lang='grc' dir='ltr'>ταὶ</span> <span class='ocrx_word' id='word_1_110' title='bbox 521 1654 598 1724; x_wconf 76' lang='lat' dir='ltr'><strong>nurci</strong></span> <span class='ocrx_word' id='word_1_111' title='bbox 628 1653 709 1742; x_wconf 84' lang='grc' dir='ltr'>τιίξιν</span> <span class='ocrx_word' id='word_1_112' title='bbox 723 1652 782 1724; x_wconf 77' lang='grc' dir='ltr'><strong>εἶπ’</strong></span> <span class='ocrx_word' id='word_1_113' title='bbox 806 1653 900 1746; x_wconf 80' lang='grc' dir='ltr'>όρχῆς</span> <span class='ocrx_word' id='word_1_114' title='bbox 929 1665 1046 1740; x_wconf 72' lang='grc' dir='ltr'>πολλοῖς</span> <span class='ocrx_word' id='word_1_115' title='bbox 1076 1659 1289 1746; x_wconf 57' lang='lat' dir='ltr'><strong>monetata,</strong></span> <span class='ocrx_word' id='word_1_116' title='bbox 1321 1651 1405 1725; x_wconf 77' lang='grc' dir='ltr'>ἱίτινιι</span> 
     </span>
     <span class='ocr_line' id='line_1_13' title="bbox 244 1766 1406 1857; baseline 0 -21"><span class='ocrx_word' id='word_1_117' title='bbox 244 1768 293 1837; x_wconf 75' lang='grc' dir='ltr'>καὶ</span> <span class='ocrx_word' id='word_1_118' title='bbox 313 1766 475 1857; x_wconf 69' lang='grc' dir='ltr'><strong>1ἐξωτερικαὶ</strong></span> <span class='ocrx_word' id='word_1_119' title='bbox 504 1775 600 1838; x_wconf 75' lang='grc' dir='ltr'>καλεῖν</span> <span class='ocrx_word' id='word_1_120' title='bbox 622 1766 731 1838; x_wconf 64' lang='grc' dir='ltr'>εἴωθεν.</span> <span class='ocrx_word' id='word_1_121' title='bbox 777 1772 973 1838; x_wconf 88' lang='lat' dir='ltr'><strong>Putaverunt</strong></span> <span class='ocrx_word' id='word_1_122' title='bbox 1000 1772 1059 1837; x_wconf 92' lang='lat' dir='ltr'><strong>viri</strong></span> <span class='ocrx_word' id='word_1_123' title='bbox 1081 1773 1168 1838; x_wconf 88' lang='lat' dir='ltr'><strong>docti</strong></span> <span class='ocrx_word' id='word_1_124' title='bbox 1194 1774 1259 1838; x_wconf 83' lang='lat' dir='ltr'><strong>fere</strong></span> <span class='ocrx_word' id='word_1_125' title='bbox 1289 1795 1406 1838; x_wconf 87' lang='lat' dir='ltr'><strong>omnes</strong></span> 
     </span>
     <span class='ocr_line' id='line_1_14' title="bbox 245 1883 1407 1969; baseline -0.004 -20"><span class='ocrx_word' id='word_1_126' title='bbox 245 1909 264 1949; x_wconf 92' lang='lat' dir='ltr'><strong>a</strong></span> <span class='ocrx_word' id='word_1_127' title='bbox 288 1886 443 1951; x_wconf 84' lang='lat' dir='ltr'><strong>Cicerone</strong></span> <span class='ocrx_word' id='word_1_128' title='bbox 466 1895 499 1950; x_wconf 88' lang='lat' dir='ltr'><strong>et</strong></span> <span class='ocrx_word' id='word_1_129' title='bbox 523 1884 628 1950; x_wconf 89' lang='lat' dir='ltr'><strong>Gellio</strong></span> <span class='ocrx_word' id='word_1_130' title='bbox 651 1905 754 1969; x_wconf 86' lang='lat' dir='ltr'><strong>usque</strong></span> <span class='ocrx_word' id='word_1_131' title='bbox 783 1884 824 1948; x_wconf 86' lang='lat' dir='ltr'><strong>ad</strong></span> <span class='ocrx_word' id='word_1_132' title='bbox 845 1883 995 1950; x_wconf 91' lang='lat' dir='ltr'><strong>Buhlium</strong></span> <span class='ocrx_word' id='word_1_133' title='bbox 1022 1885 1072 1949; x_wconf 86' lang='lat' dir='ltr'><strong>his</strong></span> <span class='ocrx_word' id='word_1_134' title='bbox 1089 1884 1283 1949; x_wconf 65' lang='lat' dir='ltr'><strong>‚nominibus</strong></span> <span class='ocrx_word' id='word_1_135' title='bbox 1304 1883 1407 1968; x_wconf 68' lang='lat' dir='ltr'><strong>pecu-‚²</strong></span> 
     </span>
     <span class='ocr_line' id='line_1_15' title="bbox 243 1996 1408 2082; baseline -0.001 -20"><span class='ocrx_word' id='word_1_136' title='bbox 243 1998 322 2062; x_wconf 90' lang='lat' dir='ltr'><strong>liare</strong></span> <span class='ocrx_word' id='word_1_137' title='bbox 343 1997 532 2082; x_wconf 88' lang='lat' dir='ltr'><strong>scriptorum</strong></span> <span class='ocrx_word' id='word_1_138' title='bbox 556 1996 819 2062; x_wconf 84' lang='lat' dir='ltr'><strong>Aristoteleorum</strong></span> <span class='ocrx_word' id='word_1_139' title='bbox 842 2017 943 2080; x_wconf 87' lang='lat' dir='ltr'><strong>genus</strong></span> <span class='ocrx_word' id='word_1_140' title='bbox 961 1996 1110 2062; x_wconf 85' lang='lat' dir='ltr'><strong>indicari.</strong></span> <span class='ocrx_word' id='word_1_141' title='bbox 1156 1997 1202 2062; x_wconf 93' lang='lat' dir='ltr'><strong>Ut</strong></span> <span class='ocrx_word' id='word_1_142' title='bbox 1220 1997 1309 2062; x_wconf 88' lang='lat' dir='ltr'><strong>enim</strong></span> <span class='ocrx_word' id='word_1_143' title='bbox 1330 1997 1408 2061; x_wconf 73' lang='lat' dir='ltr'><strong>Ari-1</strong></span> 
     </span>
     <span class='ocr_line' id='line_1_16' title="bbox 245 2108 1406 2194; baseline -0.003 -19"><span class='ocrx_word' id='word_1_144' title='bbox 245 2111 377 2175; x_wconf 87' lang='lat' dir='ltr'><strong>stoteles</strong></span> <span class='ocrx_word' id='word_1_145' title='bbox 401 2110 564 2175; x_wconf 81' lang='lat' dir='ltr'><strong>matutinis</strong></span> <span class='ocrx_word' id='word_1_146' title='bbox 593 2109 680 2174; x_wconf 87' lang='lat' dir='ltr'><strong>horis</strong></span> <span class='ocrx_word' id='word_1_147' title='bbox 703 2108 938 2193; x_wconf 77' lang='lat' dir='ltr'><strong>philosophiam</strong></span> <span class='ocrx_word' id='word_1_148' title='bbox 961 2132 980 2174; x_wconf 92' lang='lat' dir='ltr'><strong>a</strong></span> <span class='ocrx_word' id='word_1_149' title='bbox 1001 2109 1122 2194; x_wconf 79' lang='lat' dir='ltr'><strong>vulgari</strong></span> <span class='ocrx_word' id='word_1_150' title='bbox 1144 2108 1276 2174; x_wconf 87' lang='lat' dir='ltr'><strong>scientia</strong></span> <span class='ocrx_word' id='word_1_151' title='bbox 1295 2130 1406 2174; x_wconf 84' lang='lat' dir='ltr'><strong>remo-</strong></span> 
     </span>
     <span class='ocr_line' id='line_1_17' title="bbox 243 2221 1405 2310; baseline -0.002 -24"><span class='ocrx_word' id='word_1_152' title='bbox 243 2222 358 2286; x_wconf 87' lang='lat' dir='ltr'><strong>tiorem</strong></span> <span class='ocrx_word' id='word_1_153' title='bbox 382 2231 416 2286; x_wconf 91' lang='lat' dir='ltr'><strong>et</strong></span> <span class='ocrx_word' id='word_1_154' title='bbox 437 2222 644 2286; x_wconf 84' lang='lat' dir='ltr'><strong>difficiliorem</strong></span> <span class='ocrx_word' id='word_1_155' title='bbox 667 2221 802 2310; x_wconf 73' lang='lat' dir='ltr'><strong>selectos</strong></span> <span class='ocrx_word' id='word_1_156' title='bbox 827 2221 987 2286; x_wconf 74' lang='lat' dir='ltr'><strong>auditores</strong></span> <span class='ocrx_word' id='word_1_157' title='bbox 1010 2221 1156 2300; x_wconf 87' lang='lat' dir='ltr'><strong>docebat,</strong></span> <span class='ocrx_word' id='word_1_158' title='bbox 1178 2221 1405 2305; x_wconf 82' lang='lat' dir='ltr'><strong>pomeridianis</strong></span> 
     </span>
    </p>
   </div>
   <div class='ocr_carea' id='block_1_5' title="bbox 245 2333 1405 2419">
    <p class='ocr_par' dir='ltr' id='par_1_5' title="bbox 245 2333 1517 2419">
     <span class='ocr_line' id='line_1_18' title="bbox 245 2333 1405 2419; baseline 0.001 -21"><span class='ocrx_word' id='word_1_159' title='bbox 245 2356 322 2399; x_wconf 90' lang='lat' dir='ltr'><strong>vero</strong></span> <span class='ocrx_word' id='word_1_160' title='bbox 351 2334 435 2403; x_wconf 87' lang='lat' dir='ltr'><strong>horis</strong></span> <span class='ocrx_word' id='word_1_161' title='bbox 458 2335 559 2419; x_wconf 72' lang='lat' dir='ltr'><strong>vulgo</strong></span> <span class='ocrx_word' id='word_1_162' title='bbox 590 2333 688 2418; x_wconf 84' lang='lat' dir='ltr'><strong>magis</strong></span> <span class='ocrx_word' id='word_1_163' title='bbox 719 2333 974 2400; x_wconf 87' lang='lat' dir='ltr'><strong>accommodatas</strong></span> <span class='ocrx_word' id='word_1_164' title='bbox 995 2333 1147 2398; x_wconf 77' lang='lat' dir='ltr'><strong>&#39;habebat</strong></span> <span class='ocrx_word' id='word_1_165' title='bbox 1174 2334 1405 2418; x_wconf 78' lang='lat' dir='ltr'><strong>praelectiones</strong></span> 
     </span>
    </p>
   </div>
   <div class='ocr_carea' id='block_1_6' title="bbox 179 2445 1405 4554">
    <p class='ocr_par' dir='ltr' id='par_1_6' title="bbox 179 2445 1405 4554">
     <span class='ocr_line' id='line_1_19' title="bbox 246 2445 1405 2532; baseline -0.002 -20"><span class='ocrx_word' id='word_1_166' title='bbox 246 2449 330 2532; x_wconf 85' lang='lat' dir='ltr'><strong>(Aul.</strong></span> <span class='ocrx_word' id='word_1_167' title='bbox 349 2446 431 2512; x_wconf 89' lang='lat' dir='ltr'><strong>Gell.</strong></span> <span class='ocrx_word' id='word_1_168' title='bbox 447 2449 544 2512; x_wconf 89' lang='lat' dir='ltr'><strong>Noct.</strong></span> <span class='ocrx_word' id='word_1_169' title='bbox 561 2448 627 2512; x_wconf 84' lang='lat' dir='ltr'><strong>Att.</strong></span> <span class='ocrx_word' id='word_1_170' title='bbox 643 2448 716 2526; x_wconf 93' lang='lat' dir='ltr'><strong>XX,</strong></span> <span class='ocrx_word' id='word_1_171' title='bbox 741 2469 768 2511; x_wconf 89' lang='lat' dir='ltr'><strong>c.</strong></span> <span class='ocrx_word' id='word_1_172' title='bbox 785 2448 836 2530; x_wconf 82' lang='lat'><strong>5)=</strong></span> <span class='ocrx_word' id='word_1_173' title='bbox 862 2446 907 2511; x_wconf 89' lang='lat' dir='ltr'><strong>sic</strong></span> <span class='ocrx_word' id='word_1_174' title='bbox 931 2456 964 2511; x_wconf 93' lang='lat' dir='ltr'><strong>et</strong></span> <span class='ocrx_word' id='word_1_175' title='bbox 986 2447 1121 2511; x_wconf 84' lang='lat' dir='ltr'><strong>alterum</strong></span> <span class='ocrx_word' id='word_1_176' title='bbox 1144 2468 1243 2530; x_wconf 85' lang='lat' dir='ltr'><strong>genus</strong></span> <span class='ocrx_word' id='word_1_177' title='bbox 1267 2445 1405 2531; x_wconf 88' lang='lat' dir='ltr'><strong>scripto-</strong></span> 
     </span>
     <span class='ocr_line' id='line_1_20' title="bbox 245 2557 1402 2638; baseline -0.003 -13"><span class='ocrx_word' id='word_1_178' title='bbox 245 2583 315 2625; x_wconf 88' lang='lat' dir='ltr'><strong>rum</strong></span> <span class='ocrx_word' id='word_1_179' title='bbox 337 2582 355 2625; x_wconf 91' lang='lat' dir='ltr'><strong>e</strong></span> <span class='ocrx_word' id='word_1_180' title='bbox 378 2559 464 2625; x_wconf 88' lang='lat' dir='ltr'><strong>libris</strong></span> <span class='ocrx_word' id='word_1_181' title='bbox 493 2559 711 2626; x_wconf 82' lang='lat' dir='ltr'><strong>acroamaticis</strong></span> <span class='ocrx_word' id='word_1_182' title='bbox 739 2560 789 2626; x_wconf 91' lang='lat' dir='ltr'><strong>vel</strong></span> <span class='ocrx_word' id='word_1_183' title='bbox 811 2559 992 2638; x_wconf 82' lang='lat' dir='ltr'><strong>esotericis,</strong></span> <span class='ocrx_word' id='word_1_184' title='bbox 1017 2559 1149 2624; x_wconf 87' lang='lat' dir='ltr'><strong>alterum</strong></span> <span class='ocrx_word' id='word_1_185' title='bbox 1172 2581 1190 2623; x_wconf 91' lang='lat' dir='ltr'><strong>e</strong></span> <span class='ocrx_word' id='word_1_186' title='bbox 1211 2557 1306 2622; x_wconf 86' lang='lat' dir='ltr'><strong>libris</strong></span> <span class='ocrx_word' id='word_1_187' title='bbox 1323 2579 1402 2624; x_wconf 85' lang='lat' dir='ltr'><strong>exo-</strong></span> 
     </span>
     <span class='ocr_line' id='line_1_21' title="bbox 245 2670 1404 2750; baseline -0.003 -13"><span class='ocrx_word' id='word_1_188' title='bbox 245 2673 351 2738; x_wconf 87' lang='lat' dir='ltr'><strong>tericis</strong></span> <span class='ocrx_word' id='word_1_189' title='bbox 376 2682 522 2736; x_wconf 85' lang='lat' dir='ltr'><strong>constare</strong></span> <span class='ocrx_word' id='word_1_190' title='bbox 543 2672 704 2736; x_wconf 86' lang='lat' dir='ltr'><strong>volebant.</strong></span> <span class='ocrx_word' id='word_1_191' title='bbox 750 2673 820 2735; x_wconf 92' lang='lat' dir='ltr'><strong>Nec</strong></span> <span class='ocrx_word' id='word_1_192' title='bbox 843 2670 1043 2735; x_wconf 88' lang='lat' dir='ltr'><strong>infitiandum</strong></span> <span class='ocrx_word' id='word_1_193' title='bbox 1067 2680 1133 2750; x_wconf 88' lang='lat' dir='ltr'><strong>est,</strong></span> <span class='ocrx_word' id='word_1_194' title='bbox 1165 2670 1404 2736; x_wconf 87' lang='lat' dir='ltr'><strong>similitudinem</strong></span> 
     </span>
     <span class='ocr_line' id='line_1_22' title="bbox 244 2781 1403 2868; baseline 0 -20"><span class='ocrx_word' id='word_1_195' title='bbox 244 2785 338 2868; x_wconf 87' lang='lat' dir='ltr'><strong>hujus</strong></span> <span class='ocrx_word' id='word_1_196' title='bbox 362 2783 557 2860; x_wconf 85' lang='lat' dir='ltr'><strong>differentiae</strong></span> <span class='ocrx_word' id='word_1_197' title='bbox 580 2791 681 2846; x_wconf 85' lang='lat' dir='ltr'><strong>totam</strong></span> <span class='ocrx_word' id='word_1_198' title='bbox 704 2781 855 2844; x_wconf 88' lang='lat' dir='ltr'><strong>librorum</strong></span> <span class='ocrx_word' id='word_1_199' title='bbox 875 2783 1055 2847; x_wconf 86' lang='lat' dir='ltr'><strong>Aristotelis</strong></span> <span class='ocrx_word' id='word_1_200' title='bbox 1079 2783 1192 2848; x_wconf 89' lang='lat' dir='ltr'><strong>seriem</strong></span> <span class='ocrx_word' id='word_1_201' title='bbox 1214 2803 1403 2866; x_wconf 86' lang='lat' dir='ltr'><strong>percurren-</strong></span> 
     </span>
     <span class='ocr_line' id='line_1_23' title="bbox 246 2871 1402 2980; baseline 0 -22"><span class='ocrx_word' id='word_1_202' title='bbox 246 2871 331 2959; x_wconf 91' lang='lat' dir='ltr'><strong>tibus</strong></span> <span class='ocrx_word' id='word_1_203' title='bbox 355 2915 390 2958; x_wconf 91' lang='lat' dir='ltr'><strong>se</strong></span> <span class='ocrx_word' id='word_1_204' title='bbox 412 2894 534 2958; x_wconf 87' lang='lat' dir='ltr'><strong>offerre.</strong></span> <span class='ocrx_word' id='word_1_205' title='bbox 581 2894 734 2978; x_wconf 85' lang='lat' dir='ltr'><strong>Organon</strong></span> <span class='ocrx_word' id='word_1_206' title='bbox 759 2894 861 2972; x_wconf 92' lang='lat' dir='ltr'><strong>enim,</strong></span> <span class='ocrx_word' id='word_1_207' title='bbox 893 2894 1116 2980; x_wconf 83' lang='lat' dir='ltr'><strong>Metaphysica</strong></span> <span class='ocrx_word' id='word_1_208' title='bbox 1137 2903 1171 2959; x_wconf 89' lang='lat' dir='ltr'><strong>et</strong></span> <span class='ocrx_word' id='word_1_209' title='bbox 1193 2894 1299 2959; x_wconf 85' lang='lat' dir='ltr'><strong>omnia</strong></span> <span class='ocrx_word' id='word_1_210' title='bbox 1320 2895 1402 2980; x_wconf 90' lang='lat' dir='ltr'><strong>phy-</strong></span> 
     </span>
     <span class='ocr_line' id='line_1_24' title="bbox 245 3005 1403 3092; baseline 0 -20"><span class='ocrx_word' id='word_1_211' title='bbox 245 3007 310 3072; x_wconf 87' lang='lat' dir='ltr'><strong>sica</strong></span> <span class='ocrx_word' id='word_1_212' title='bbox 325 3005 442 3090; x_wconf 88' lang='lat' dir='ltr'><strong>scripta</strong></span> <span class='ocrx_word' id='word_1_213' title='bbox 465 3006 505 3069; x_wconf 91' lang='lat' dir='ltr'><strong>ad</strong></span> <span class='ocrx_word' id='word_1_214' title='bbox 524 3005 756 3092; x_wconf 87' lang='lat' dir='ltr'><strong>philosophiam</strong></span> <span class='ocrx_word' id='word_1_215' title='bbox 778 3006 992 3072; x_wconf 85' lang='lat' dir='ltr'><strong>sublimiorem</strong></span> <span class='ocrx_word' id='word_1_216' title='bbox 1014 3007 1185 3091; x_wconf 87' lang='lat' dir='ltr'><strong>pertinent,</strong></span> <span class='ocrx_word' id='word_1_217' title='bbox 1209 3007 1263 3072; x_wconf 93' lang='lat' dir='ltr'><strong>ubi</strong></span> <span class='ocrx_word' id='word_1_218' title='bbox 1278 3029 1403 3072; x_wconf 87' lang='lat' dir='ltr'><strong>summa</strong></span> 
     </span>
     <span class='ocr_line' id='line_1_25' title="bbox 179 3111 1401 3210; baseline 0 -26"><span class='ocrx_word' id='word_1_219' title='bbox 179 3201 181 3210; x_wconf 25' lang='grc' dir='ltr'>Ι</span> <span class='ocrx_word' id='word_1_220' title='bbox 247 3119 421 3184; x_wconf 85' lang='lat' dir='ltr'><strong>subtilitate</strong></span> <span class='ocrx_word' id='word_1_221' title='bbox 445 3111 598 3202; x_wconf 70' lang='grc' dir='ltr'>(ἀκριβείας)</span> <span class='ocrx_word' id='word_1_222' title='bbox 620 3117 784 3183; x_wconf 87' lang='lat' dir='ltr'><strong>materiam</strong></span> <span class='ocrx_word' id='word_1_223' title='bbox 808 3141 898 3184; x_wconf 87' lang='lat' dir='ltr'><strong>suam</strong></span> <span class='ocrx_word' id='word_1_224' title='bbox 913 3119 1128 3204; x_wconf 89' lang='lat' dir='ltr'><strong>Philosophus</strong></span> <span class='ocrx_word' id='word_1_225' title='bbox 1150 3129 1276 3185; x_wconf 86' lang='lat' dir='ltr'><strong>tractat.</strong></span> <span class='ocrx_word' id='word_1_226' title='bbox 1313 3121 1401 3185; x_wconf 86' lang='lat' dir='ltr'><strong>Rhe-</strong></span> 
     </span>
     <span class='ocr_line' id='line_1_26' title="bbox 245 3228 1401 3317; baseline -0.002 -19"><span class='ocrx_word' id='word_1_227' title='bbox 245 3231 386 3309; x_wconf 85' lang='lat' dir='ltr'><strong>toricae,</strong></span> <span class='ocrx_word' id='word_1_228' title='bbox 423 3228 573 3296; x_wconf 77' lang='lat' dir='ltr'><strong>Poeticae</strong></span> <span class='ocrx_word' id='word_1_229' title='bbox 611 3240 644 3294; x_wconf 91' lang='lat' dir='ltr'><strong>et</strong></span> <span class='ocrx_word' id='word_1_230' title='bbox 670 3229 845 3314; x_wconf 69' lang='lat' dir='ltr'><strong>,praecipue</strong></span> <span class='ocrx_word' id='word_1_231' title='bbox 877 3231 1024 3296; x_wconf 88' lang='lat' dir='ltr'><strong>omnibus</strong></span> <span class='ocrx_word' id='word_1_232' title='bbox 1062 3231 1234 3296; x_wconf 85' lang='lat' dir='ltr'><strong>moralibus</strong></span> <span class='ocrx_word' id='word_1_233' title='bbox 1275 3232 1401 3317; x_wconf 84' lang='lat' dir='ltr'><strong>scriptis</strong></span> 
     </span>
     <span class='ocr_line' id='line_1_27' title="bbox 247 3341 1400 3428; baseline -0.001 -20"><span class='ocrx_word' id='word_1_234' title='bbox 247 3341 500 3428; x_wconf 86' lang='lat' dir='ltr'><strong>(Oeconomicis,</strong></span> <span class='ocrx_word' id='word_1_235' title='bbox 523 3341 664 3406; x_wconf 89' lang='lat' dir='ltr'><strong>Politicis</strong></span> <span class='ocrx_word' id='word_1_236' title='bbox 688 3352 722 3406; x_wconf 89' lang='lat' dir='ltr'><strong>ct</strong></span> <span class='ocrx_word' id='word_1_237' title='bbox 742 3341 894 3426; x_wconf 86' lang='lat' dir='ltr'><strong>Ethicis),</strong></span> <span class='ocrx_word' id='word_1_238' title='bbox 918 3353 1051 3428; x_wconf 90' lang='lat' dir='ltr'><strong>propter</strong></span> <span class='ocrx_word' id='word_1_239' title='bbox 1071 3344 1221 3408; x_wconf 86' lang='lat' dir='ltr'><strong>materiae</strong></span> <span class='ocrx_word' id='word_1_240' title='bbox 1243 3354 1400 3423; x_wconf 87' lang='lat' dir='ltr'><strong>naturam,</strong></span> 
     </span>
     <span class='ocr_line' id='line_1_28' title="bbox 244 3453 1402 3540; baseline 0.001 -20"><span class='ocrx_word' id='word_1_241' title='bbox 244 3465 281 3520; x_wconf 92' lang='lat' dir='ltr'><strong>ut</strong></span> <span class='ocrx_word' id='word_1_242' title='bbox 302 3455 409 3539; x_wconf 86' lang='lat' dir='ltr'><strong>ipsum</strong></span> <span class='ocrx_word' id='word_1_243' title='bbox 425 3453 630 3520; x_wconf 88' lang='lat' dir='ltr'><strong>Aristotelem</strong></span> <span class='ocrx_word' id='word_1_244' title='bbox 652 3476 782 3522; x_wconf 88' lang='lat' dir='ltr'><strong>monere</strong></span> <span class='ocrx_word' id='word_1_245' title='bbox 804 3455 942 3520; x_wconf 85' lang='lat' dir='ltr'><strong>vidimus</strong></span> <span class='ocrx_word' id='word_1_246' title='bbox 963 3457 1060 3540; x_wconf 79' lang='lat' dir='ltr'><strong>(supr.</strong></span> <span class='ocrx_word' id='word_1_247' title='bbox 1085 3479 1112 3520; x_wconf 90' lang='lat' dir='ltr'><strong>c.</strong></span> <span class='ocrx_word' id='word_1_248' title='bbox 1130 3456 1161 3535; x_wconf 90' lang='lat'><strong>3,</strong></span> <span class='ocrx_word' id='word_1_249' title='bbox 1185 3457 1213 3540; x_wconf 72' lang='grc' dir='ltr'><strong>φ.</strong></span> <span class='ocrx_word' id='word_1_250' title='bbox 1231 3456 1273 3540; x_wconf 84' lang='grc'><strong>1),</strong></span> <span class='ocrx_word' id='word_1_251' title='bbox 1297 3457 1402 3522; x_wconf 87' lang='lat' dir='ltr'><strong>minor</strong></span> 
     </span>
     <span class='ocr_line' id='line_1_29' title="bbox 245 3567 1402 3656; baseline -0.002 -22"><span class='ocrx_word' id='word_1_252' title='bbox 245 3567 401 3634; x_wconf 89' lang='lat' dir='ltr'><strong>subtilitas</strong></span> <span class='ocrx_word' id='word_1_253' title='bbox 429 3567 508 3632; x_wconf 83' lang='lat' dir='ltr'><strong>satis</strong></span> <span class='ocrx_word' id='word_1_254' title='bbox 529 3589 600 3632; x_wconf 85' lang='lat' dir='ltr'><strong>esse</strong></span> <span class='ocrx_word' id='word_1_255' title='bbox 624 3567 719 3632; x_wconf 90' lang='lat' dir='ltr'><strong>debet</strong></span> <span class='ocrx_word' id='word_1_256' title='bbox 726 3593 736 3648; x_wconf 86' lang='lat'><em>3</em></span> <span class='ocrx_word' id='word_1_257' title='bbox 767 3568 811 3632; x_wconf 90' lang='lat' dir='ltr'><strong>sic</strong></span> <span class='ocrx_word' id='word_1_258' title='bbox 834 3567 984 3653; x_wconf 90' lang='lat' dir='ltr'><strong>deinceps</strong></span> <span class='ocrx_word' id='word_1_259' title='bbox 1013 3568 1121 3632; x_wconf 88' lang='lat' dir='ltr'><strong>multis</strong></span> <span class='ocrx_word' id='word_1_260' title='bbox 1149 3569 1228 3634; x_wconf 86' lang='lat' dir='ltr'><strong>locis</strong></span> <span class='ocrx_word' id='word_1_261' title='bbox 1259 3568 1402 3656; x_wconf 85' lang='lat' dir='ltr'><strong>monebit</strong></span> 
     </span>
     <span class='ocr_line' id='line_1_30' title="bbox 243 3678 1400 3766; baseline 0.003 -21"><span class='ocrx_word' id='word_1_262' title='bbox 243 3680 450 3758; x_wconf 88' lang='lat' dir='ltr'><strong>Aristoteles,</strong></span> <span class='ocrx_word' id='word_1_263' title='bbox 479 3679 518 3752; x_wconf 69' lang='lat' dir='ltr'><strong>in¹</strong></span> <span class='ocrx_word' id='word_1_264' title='bbox 533 3678 657 3744; x_wconf 81' lang='lat' dir='ltr'><strong>Ethicis</strong></span> <span class='ocrx_word' id='word_1_265' title='bbox 686 3702 752 3744; x_wconf 91' lang='lat' dir='ltr'><strong>non</strong></span> <span class='ocrx_word' id='word_1_266' title='bbox 779 3679 1013 3747; x_wconf 85' lang='lat' dir='ltr'><strong>exactissimam</strong></span> <span class='ocrx_word' id='word_1_267' title='bbox 1045 3679 1209 3746; x_wconf 88' lang='lat' dir='ltr'><strong>scientiam</strong></span> <span class='ocrx_word' id='word_1_268' title='bbox 1238 3683 1400 3766; x_wconf 85' lang='lat' dir='ltr'><strong>requiren-</strong></span> 
     </span>
     <span class='ocr_line' id='line_1_31' title="bbox 244 3791 1400 3878; baseline 0.002 -22"><span class='ocrx_word' id='word_1_269' title='bbox 244 3793 333 3870; x_wconf 86' lang='lat' dir='ltr'><strong>dam,</strong></span> <span class='ocrx_word' id='word_1_270' title='bbox 357 3792 470 3856; x_wconf 82' lang='lat' dir='ltr'><strong>sedin</strong></span> <span class='ocrx_word' id='word_1_271' title='bbox 492 3791 761 3857; x_wconf 87' lang='lat' dir='ltr'><strong>verisimilitudine</strong></span> <span class='ocrx_word' id='word_1_272' title='bbox 783 3801 816 3856; x_wconf 93' lang='lat' dir='ltr'><strong>et</strong></span> <span class='ocrx_word' id='word_1_273' title='bbox 837 3791 1057 3876; x_wconf 86' lang='lat' dir='ltr'><strong>probabilitate</strong></span> <span class='ocrx_word' id='word_1_274' title='bbox 1079 3791 1172 3858; x_wconf 89' lang='lat' dir='ltr'><strong>nobis</strong></span> <span class='ocrx_word' id='word_1_275' title='bbox 1195 3793 1400 3878; x_wconf 80' lang='lat' dir='ltr'><strong>acquiescen-</strong></span> 
     </span>
     <span class='ocr_line' id='line_1_32' title="bbox 243 3904 1400 3990; baseline 0.002 -22"><span class='ocrx_word' id='word_1_276' title='bbox 243 3905 320 3968; x_wconf 89' lang='lat' dir='ltr'><strong>dum</strong></span> <span class='ocrx_word' id='word_1_277' title='bbox 336 3925 417 3969; x_wconf 88' lang='lat' dir='ltr'><strong>esse.</strong></span> <span class='ocrx_word' id='word_1_278' title='bbox 445 3905 541 3968; x_wconf 91' lang='lat' dir='ltr'><strong>Hunc</strong></span> <span class='ocrx_word' id='word_1_279' title='bbox 556 3905 713 3988; x_wconf 90' lang='lat' dir='ltr'><strong>duplicem</strong></span> <span class='ocrx_word' id='word_1_280' title='bbox 727 3904 1119 3989; x_wconf 84' lang='lat' dir='ltr'><strong>philosophandi-modum</strong></span> <span class='ocrx_word' id='word_1_281' title='bbox 1135 3907 1256 3990; x_wconf 87' lang='lat' dir='ltr'><strong>optime</strong></span> <span class='ocrx_word' id='word_1_282' title='bbox 1267 3905 1400 3973; x_wconf 91' lang='lat' dir='ltr'><strong>Buhlius</strong></span> 
     </span>
     <span class='ocr_line' id='line_1_33' title="bbox 239 4015 1402 4103; baseline 0 -21"><span class='ocrx_word' id='word_1_283' title='bbox 239 4020 306 4103; x_wconf 89' lang='lat' dir='ltr'><strong>jam</strong></span> <span class='ocrx_word' id='word_1_284' title='bbox 322 4015 480 4080; x_wconf 74' lang='lat' dir='ltr'><strong>distmxit:</strong></span> <span class='ocrx_word' id='word_1_285' title='bbox 514 4015 681 4096; x_wconf 86' lang='lat' dir='ltr'><strong>„Priorem</strong></span> <span class='ocrx_word' id='word_1_286' title='bbox 702 4016 790 4080; x_wconf 89' lang='lat' dir='ltr'><strong>illum</strong></span> <span class='ocrx_word' id='word_1_287' title='bbox 812 4015 1058 4101; x_wconf 89' lang='lat' dir='ltr'><strong>philosophandi</strong></span> <span class='ocrx_word' id='word_1_288' title='bbox 1073 4017 1204 4082; x_wconf 87' lang='lat' dir='ltr'><strong>modum</strong></span> <span class='ocrx_word' id='word_1_289' title='bbox 1219 4017 1402 4102; x_wconf 84' lang='lat' dir='ltr'><strong>appellabat</strong></span> 
     </span>
     <span class='ocr_line' id='line_1_34' title="bbox 243 4119 1400 4212; baseline 0 -18"><span class='ocrx_word' id='word_1_290' title='bbox 243 4128 432 4195; x_wconf 80' lang='lat' dir='ltr'><strong>Aristoteles</strong></span> <span class='ocrx_word' id='word_1_291' title='bbox 454 4119 489 4190; x_wconf 81' lang='grc' dir='ltr'><strong>τό</strong></span> <span class='ocrx_word' id='word_1_292' title='bbox 513 4127 675 4192; x_wconf 76' lang='grc' dir='ltr'>ἐπισκοπεῖν</span> <span class='ocrx_word' id='word_1_293' title='bbox 697 4126 880 4211; x_wconf 63' lang='grc' dir='ltr'>θεολογικῶς,</span> <span class='ocrx_word' id='word_1_294' title='bbox 904 4129 935 4194; x_wconf 77' lang='grc' dir='ltr'><strong>ἐκ</strong></span> <span class='ocrx_word' id='word_1_295' title='bbox 956 4126 1011 4194; x_wconf 92' lang='grc' dir='ltr'><strong>τῶν</strong></span> <span class='ocrx_word' id='word_1_296' title='bbox 1032 4119 1238 4212; x_wconf 75' lang='grc' dir='ltr'>ὑπαρχόντων,</span> <span class='ocrx_word' id='word_1_297' title='bbox 1262 4129 1400 4210; x_wconf 88' lang='grc' dir='ltr'>φυσικῶς,</span> 
     </span>
     <span class='ocr_line' id='line_1_35' title="bbox 244 4231 1400 4323; baseline 0.001 -17"><span class='ocrx_word' id='word_1_298' title='bbox 244 4235 322 4306; x_wconf 76' lang='lat' dir='ltr'><strong>nurci</strong></span> <span class='ocrx_word' id='word_1_299' title='bbox 345 4234 441 4322; x_wconf 79' lang='grc' dir='ltr'>φύσιν,</span> <span class='ocrx_word' id='word_1_300' title='bbox 463 4232 533 4304; x_wconf 85' lang='grc' dir='ltr'>κατ’</span> <span class='ocrx_word' id='word_1_301' title='bbox 559 4231 708 4322; x_wconf 64' lang='grc' dir='ltr'>ἀλήθειαν,</span> <span class='ocrx_word' id='word_1_302' title='bbox 730 4232 808 4302; x_wconf 79' lang='lat' dir='ltr'><strong>nurci</strong></span> <span class='ocrx_word' id='word_1_303' title='bbox 831 4233 939 4321; x_wconf 78' lang='lat' dir='ltr'><strong>s.⁷rpd;</strong></span> <span class='ocrx_word' id='word_1_304' title='bbox 962 4239 1148 4323; x_wconf 88' lang='grc' dir='ltr'>φιλοσοφίαν,</span> <span class='ocrx_word' id='word_1_305' title='bbox 1172 4233 1400 4322; x_wconf 78' lang='grc' dir='ltr'>ιῖκριβῶς,.όνα-</span> 
     </span>
     <span class='ocr_line' id='line_1_36' title="bbox 243 4347 1399 4436; baseline -0.005 -14"><span class='ocrx_word' id='word_1_306' title='bbox 243 4351 379 4433; x_wconf 83' lang='grc' dir='ltr'>λυτικῶς,</span> <span class='ocrx_word' id='word_1_307' title='bbox 402 4348 598 4436; x_wconf 75' lang='grc' dir='ltr'>λεπταμερῶς,</span> <span class='ocrx_word' id='word_1_308' title='bbox 625 4347 847 4436; x_wconf 66' lang='grc' dir='ltr'>σραγματυιῶς,</span> <span class='ocrx_word' id='word_1_309' title='bbox 876 4353 1086 4435; x_wconf 84' lang='lat' dir='ltr'><strong>posteriorem</strong></span> <span class='ocrx_word' id='word_1_310' title='bbox 1107 4375 1183 4418; x_wconf 88' lang='lat' dir='ltr'><strong>vero</strong></span> <span class='ocrx_word' id='word_1_311' title='bbox 1206 4353 1343 4418; x_wconf 87' lang='lat' dir='ltr'><strong>vocabat</strong></span> <span class='ocrx_word' id='word_1_312' title='bbox 1364 4347 1399 4417; x_wconf 80' lang='grc' dir='ltr'><strong>εδ</strong></span> 
     </span>
     <span class='ocr_line' id='line_1_37' title="bbox 244 4457 1399 4554; baseline 0 -22"><span class='ocrx_word' id='word_1_313' title='bbox 244 4465 432 4554; x_wconf 66' lang='grc' dir='ltr'>διαλέγεσθαι</span> <span class='ocrx_word' id='word_1_314' title='bbox 456 4463 584 4548; x_wconf 75' lang='grc' dir='ltr'>λογικῶς,</span> <span class='ocrx_word' id='word_1_315' title='bbox 608 4461 801 4542; x_wconf 87' lang='grc' dir='ltr'>διαλεκτικῶς,</span> <span class='ocrx_word' id='word_1_316' title='bbox 825 4457 950 4548; x_wconf 80' lang='grc' dir='ltr'>ἐνδόξως,</span> <span class='ocrx_word' id='word_1_317' title='bbox 973 4459 1050 4531; x_wconf 74' lang='grc' dir='ltr'>κακοὶ</span> <span class='ocrx_word' id='word_1_318' title='bbox 1075 4460 1172 4550; x_wconf 85' lang='grc' dir='ltr'>δόξαν,</span> <span class='ocrx_word' id='word_1_319' title='bbox 1194 4459 1263 4530; x_wconf 78' lang='grc' dir='ltr'>κατ’</span> <span class='ocrx_word' id='word_1_320' title='bbox 1290 4459 1399 4542; x_wconf 76' lang='grc' dir='ltr'>ἔννοιαν,</span> 
     </span>
    </p>
   </div>
   <div class='ocr_carea' id='block_1_7' title="bbox 0 0 1536 5036">
    <p class='ocr_par' dir='ltr' id='par_1_7' title="bbox 0 0 1536 5036">
     <span class='ocr_line' id='line_1_38' title="bbox 0 0 1536 5036; baseline 0 0"><span class='ocrx_word' id='word_1_321' title='bbox 0 0 1536 5036; x_wconf 95' lang='lat' dir='ltr'><strong> </strong></span> 
     </span>
    </p>
   </div>
  </div>
 </body>
</html>
