3064 5036
529 341 603 398 Libri
624 343 644 399 l.
685 345 751 418 Cap.
773 345 811 398 1v
832 343 888 414 (ΙΙ).
1233 341 1283 420 ⁸23

120 563 254 642 ideata5
278 570 316 626 ut
343 581 415 625 cum
438 559 578 646 Spinosa
607 559 733 645 loquar,
769 561 827 626 sed
859 571 1059 640 concretum,
1088 573 1122 627 et
1144 559 1182 628 τοὶ
1211 560 1279 632 καθ’

123 669 237 739 blarru
261 683 338 739 sunt
359 671 482 757 singula
502 671 657 756 principia
680 671 850 752 abstracta,
874 695 955 758 quae
976 674 1009 738 in
1030 651 1065 740 re
1088 675 1229 742 sensibili
1249 679 1282 742 in

119 809 220 852 unam
242 784 484 850 universitatem
507 783 706 869 colliguntur,
730 793 773 863 et,
796 794 833 850 ut
854 796 1023 869 ponantur,
1044 807 1112 852 rem
1135 789 1225 874 qussi
1247 791 1280 854 in

119 898 267 964 membra
282 897 463 981 discerpant
476 915 609 963 necesse
624 906 686 962 est.
720 895 766 962 Ut
777 897 922 982 physica,
947 899 1105 985 ejusmodi
1118 901 1215 966 ctiam
1230 913 1281 968 est

119 1020 232 1076 nostra
243 1009 420 1094 disciplina.
453 1009 618 1074 Praeclare
632 1009 919 1094 igiturEustratius
938 1019 1083 1076 nostrum
1102 1012 1207 1077 locum
1224 1035 1280 1078 ex-

119 1125 249 1209 planate
275 1115 335 1187 ἐπεὶ
350 1119 438 1186 τοίνυν
453 1113 534 1205 οἷρχὴ
549 1118 598 1206 μὶν
612 1115 709 1206 τελικὴ
724 1114 743 1206 ἡ
758 1114 932 1207 εὐδαιμονία,
955 1123 986 1187 αἱ
1000 1122 1032 1188 δὲ
1052 1117 1123 1207 πρδς
1142 1118 1229 1210 αὐτὴν
1245 1120 1280 1205 ὡς

117 1235 198 1315 τέλος
215 1221 341 1320 ἶίγουοαι
357 1233 388 1298 αἱ
401 1228 479 1298 nurci
494 1226 546 1311 τοὶς
564 1225 668 1316 ιῖρετοίς
681 1231 736 1298 εἰσι
751 1229 879 1318 πράξεις,
896 1224 983 1300 αὗται
998 1233 1030 1299 δὲ
1044 1223 1163 1319 δὀτεραι
1179 1235 1227 1323 μὲν
1242 1238 1281 1327 rii

118 1344 207 1430 φύσει
232 1341 269 1426 ιδς
292 1343 342 1431 τῆς
370 1335 545 1431 εὐδαιμονίας
573 1337 718 1424 αι’τιαταδ,
748 1339 812 1432 ἡμῖν
835 1343 867 1410 di
893 1345 1074 1430 οαφίοτεροιι
1094 1344 1152 1414 ’καί
1178 1375 1280 1432 γνωρι.

117 1455 258 1547 μιίτεραι,
283 1459 314 1524 ἐκ
336 1449 442 1522 τούτων
464 1449 529 1542 ἡμῖν
552 1450 669 1539 οἷρκτέον
684 1452 733 1521 καὶ
748 1451 852 1524 οἷνιτίον
868 1451 910 1523 δι’
934 1452 1026 1523 αὐτῶν
1040 1454 1111 1543 πρδς
1131 1454 1165 1524 τδ
1181 1458 1279 1528 αἴτιον.

117 1575 172 1639 Sic
197 1573 308 1638 denuo
329 1571 480 1648 virtutes,
503 1568 657 1654 principia
679 1579 713 1635 et
733 1569 803 1654 ipse
825 1571 1017 1656 singularum
1040 1573 1218 1653 actionum,
1242 1597 1281 1639 ex

117 1686 206 1751 hisce
230 1684 310 1768 ipsis
335 1691 580 1768 cognoscuntur.
968 1765 975 1776 .

209 1797 239 1880 b·
265 1795 296 1864 6.
335 1788 380 1860 διδ
403 1795 457 1877 δεῖ)
482 1794 565 1860 Cum
584 1793 827 1878 asingularibus
850 1796 882 1860 in
904 1807 1015 1862 nostra
1037 1797 1203 1884 disciplina
1226 1820 1280 1863 or·

119 1907 273 1974 diendum
296 1907 348 1987 sit,
372 1906 523 1992 sequitur,
546 1916 584 1970 ut
605 1905 719 1990 singuli
728 1907 797 1992 jam
819 1908 895 1972 boni
918 1919 1148 1994 supponantur,
1171 1911 1279 1996 singu-

121 2023 236 2107 lasque
259 2019 402 2086 actiones
423 2017 526 2082 bonas
549 2028 773 2104 exsequantur,
795 2029 829 2084 et
850 2019 1032 2112 isdemum,
1056 2021 1110 2106 qui
1131 2022 1203 2086 talis
1226 2023 1278 2100 sit,

118 2134 158 2198 ad
180 2131 349 2218 principis,
372 2141 407 2196 et
428 2130 555 2216 quidem
576 2129 685 2210 facile,
708 2133 855 2218 progredi
877 2133 989 2218 possit.
1016 2169 1055 2182 -·
1080 2126 1277 2219 ἐκκαόμενον)

118 2248 157 2310 cf.
182 2263 281 2329 supra
303 2245 344 2309 ad
366 2267 394 2308 c.
419 2242 451 2321 3,
476 2243 505 2327 b.
529 2245 550 2310 5
574 2251 607 2308 et
630 2243 662 2312 6.

208 2358 238 2441 p.
263 2357 294 2421 7.
329 2349 410 2440 οἱρχὴ
432 2348 488 2440 γὰρ
507 2347 543 2418 τδ
559 2343 621 2438 δτι)
646 2349 731 2436 οἶρκεῒ
753 2353 817 2436 Mb,
848 2355 1139 2438 corr.H³et12¹'‚
1170 2379 1279 2442 margo

119 2468 184 2550 Kb3
215 2489 364 2534 necnon
388 2468 459 2533 cod.
480 2467 597 2532 Colcn.
618 2466 783 2545 Lambini,
812 2468 906 2532 codd.
928 2469 1066 2534 Mcrellii
1095 2477 1129 2533 et
1151 2469 1278 2552 quidam

117 2581 189 2646 libri
210 2591 337 2646 veteres
359 2581 444 2665 apud
458 2579 633 2646 Muretum.
668 2577 800 2663 Proprie
822 2579 1012 2645 universalia
1026 2589 1102 2644 sunt
1122 2579 1279 2665 principia

116 2715 286 2780 rerumque
310 2713 435 2772 causae,
458 2713 536 2777 quas
558 2701 653 2757 vocat
672 2691 861 2758 Aristoteles
885 2687 969 2770 διότι,
991 2686 1026 2756 τδ
1049 2681 1094 2757 ’ὅτι
1116 2701 1223 2757 autem
1245 2693 1279 2756 id

118 2809 205 2893 quod
235 2806 340 2872 causis
369 2803 547 2890 subjicitur3
577 2803 618 2869 ol.
641 2805 785 2889 Metaph.
809 2803 840 2884 l,
865 2803 900 2872 1ο
935 2805 961 2869 οἱ
988 2803 1037 2891 μὲν
1064 2798 1120 2888 γὰρ
1152 2800 1278 2890 ἔμπειροι

116 2914 150 2984 τδ
174 2908 221 2984 δτι
243 2917 292 3005 μὲν
314 2913 414 2994 ἴσασι,
438 2909 512 2981 διότι
535 2907 614 2980 δὀὐκ
636 2912 742 2982 ίοαοιν·
766 2918 792 2981 οῖ
815 2915 847 2981 δὲ
871 2914 983 3001 (σοφοί)
1008 2909 1043 2981 τδ
1062 2911 1136 2983 διίτι
1157 2913 1206 2982 καί
1229 2911 1279 3002 τὴν

117 3031 209 3097 αἰτίαν
231 3028 407 3114 γνωρίζουσι.
444 3029 509 3093 Sed
524 3027 556 3092 in
572 3037 684 3092 nostra
699 3027 831 3093 scientia
851 3017 905 3106 δτι,
929 3029 1002 3114 quia
1015 3030 1089 3094 fons
1104 3037 1155 3094 est
1170 3039 1203 3093 et
1217 3031 1277 3093 ini-

116 3145 197 3209 tium
229 3141 460 3227 cognoscendi,
491 3163 557 3204 non
581 3139 666 3204 acuit
693 3149 816 3204 tantum
843 3141 954 3204 oculor
986 3141 1026 3205 ad
1056 3143 1278 3226 cognoscenda

116 3255 291 3341 principia,
325 3255 383 3319 sed
409 3253 448 3318 fit
477 3253 581 3337 ipsum
611 3252 846 3337 quodammodo
881 3273 977 3318 causa
1011 3262 1045 3318 et
1078 3253 1277 3339 principium.

118 3371 338 3437 Quarerecte
360 3367 493 3431 adnotat
514 3366 664 3428 Donatus
683 3364 880 3449 Acciejolus:
902 3365 1068 3443 „Effectus
1089 3376 1141 3431 est
1160 3349 1277 3452 princi-

116 3483 205 3566 pium
228 3479 262 3543 in
277 3481 337 3543 hac
357 3477 488 3543 scientia
510 3476 623 3541 morali
646 3486 679 3542 ct
694 3475 812 3540 civili.“
845 3477 916 3541 Nec
929 3477 1157 3561 paraphrastes
1179 3479 1276 3542 male:

118 3589 177 3658 ἐπεὶ
207 3590 239 3656 δὲ
269 3583 329 3655 οἶπδ
356 3589 411 3654 τῶν
439 3582 564 3672 δοτίρυνν
597 3581 648 3673 τὴν
677 3579 771 3672 δοχὴν
800 3581 971 3674 βουλόμεθα
1000 3583 1195 3654 ἀποδεικνύναι
1223 3588 1278 3652 τῶν

118 3702 273 3771 πολιτικῶν
296 3696 426 3786 προίξεων
449 3696 590 3787 δηλονίτι,
613 3695 662 3766 καὶ
681 3703 730 3766 δεῖ
746 3693 923 3768 ὑποκεῖσθαι
946 3696 1011 3784 περὶ
1026 3693 1117 3766 αὐτῶν
1138 3694 1276 3782 καθάπερ

118 3809 214 3900 ἀρχὴν
237 3808 410 3896 ἀποδείξεως
435 3802 479 3878 δτι
501 3805 631 3897 οἷγοιδαδ,
655 3807 783 3896 φανερδν,
807 3802 851 3879 δτι
873 3806 1046 3879 alelmo
1067 3811 1233 3898 πεισθῆναι,
1256 3812 1283 3878 εί

117 3924 155 4014 μὴ
180 3922 195 3992 δ
219 3924 306 4010 πείρα
328 3917 420 4002 καλδς
448 3921 498 3990 καὶ
519 3924 630 4006 δικαίας
658 3919 719 4005 τοὶς1
733 3918 868 4004 τοιαύτας
897 3920 1014 4010 προίξεις
1037 3920 1132 4006 είδοίςο
1170 3927 1279 3991 Possit

117 4052 226 4106 tamen
256 4035 390 4104 scientia
418 4046 529 4102 nostra
558 4037 654 4102 etiem
682 4061 701 4102 a
729 4039 861 4102 summis
888 4037 1049 4123 principiis
1082 4039 1278 4124 metaphysi-

117 4153 180 4230 cis,
213 4171 281 4214 non
312 4150 416 4212 solum
444 4148 484 4213 ab
504 4149 559 4214 illc
583 4137 627 4214 δτι
647 4149 798 4227 derivari,
829 4149 857 4213 si
878 4171 945 4214 non
966 4151 1104 4236 politici,
1128 4151 1185 4216 sed
1207 4151 1279 4236 phi-

117 4261 247 4348 losophi
268 4262 376 4326 finem.
389 4261 421 4324 in
436 4260 507 4345 ipss
529 4269 722 4345 spectemus.
753 4261 833 4329 'Quo
849 4281 947 4327 sensu
960 4263 1143 4328 Eustratius
1157 4262 1280 4346 optime

117 4377 212 4442 dicit:
244 4370 366 4459 μείζονος
387 4367 443 4456 peip
466 4371 516 4458 π’ἢς
546 4371 670 4455 θεωρίας
691 4364 713 4459 ἢ
733 4366 811 4439 κοινοὶ
832 4367 883 4458 τὴν
904 4371 1055 4456 παροῦσαν
1083 4372 1279 4459 πραγματείαν

118 4484 183 4572 περὶ
207 4481 310 4570 αἱρετῆς
333 4479 381 4550 καὶ
403 4479 578 4572 εὐδαιμονίας
606 4489 648 4552 δει
669 4509 698 4550 αι
730 4479 764 4549 τδ
788 4479 896 4571 ellubie
925 4485 956 4549 ἔκ
979 4484 1033 4549 τῶν
1061 4483 1204 4567 προτέρων
1231 4479 1281 4546 καὶ
