3064 5036
518 347 685 418 Conspectus
706 343 767 400 libri
788 345 836 400 111.
1189 323 1253 403 lin

348 545 433 601 ditate
453 544 558 619 positae
578 555 649 612 sunt,
671 544 745 617 eujus
767 551 812 612 aa)
833 551 915 602 altera
935 565 996 620 lices
1016 549 1044 602 in
1063 548 1142 618 joco:
1163 551 1252 604 Rrrsti-

347 628 432 693 citas,
458 625 615 691 Urbanum,
642 627 806 692 scurrilium
834 627 878 694 bb)
899 630 982 682 altera
1008 629 1035 681 in
1061 629 1093 682 iis
1119 630 1252 692 omnibus,

349 705 464 778 quaein
486 707 540 759 vita
559 705 715 778 quotidiana
735 707 887 760 usuvenire
909 710 1005 770 solent,
1026 707 1153 763 cernitur:
1175 711 1252 763 Acer·

348 783 427 849 bitas,
449 783 579 850 comitas,
599 785 734 839 Blanclitis
753 787 913 854 (Adulatio).
934 790 961 852 5.
986 781 1032 845 13.

191 891 221 936 y.
243 861 404 918 laudabiles
424 863 555 934 quaedam
576 865 717 918 affectuum
744 866 958 931 mediocritates,
986 885 1052 937 quoe
1081 875 1171 920 tamen
1198 884 1252 921 non

244 950 308 998 sunt
328 942 449 1000 virtutes.
471 946 497 1008 5.
520 938 646 999 14-15.

232 1047 279 1082 aa.
299 1021 472 1077 Mediocriter
498 1031 524 1077 et
554 1034 671 1078 extrema
705 1023 830 1094 pudoris:
864 1024 1045 1094 Impudentia,
1079 1025 1253 1091 Verecundia,

301 1100 547 1168 Constantianos.
570 1097 616 1158 14.

232 1192 280 1252 pp.
301 1179 473 1236 Mediocritas
493 1189 520 1234 et
540 1191 657 1236 extrema
677 1180 810 1234 versantia
830 1184 856 1235 in
873 1182 1012 1235 doloribus
1033 1191 1060 1236 et
1073 1183 1253 1254 voluptatibus

302 1259 339 1314 ob
360 1278 392 1314 ea
411 1259 554 1314 commoda
574 1260 720 1332 susceptis,
748 1277 815 1332 quae
842 1261 916 1316 alteri
943 1262 1111 1332 obtigerunt:
1138 1263 1254 1316 Maleve-

301 1340 393 1404 lentia,
415 1337 577 1410 Indignatio,
597 1339 708 1394 Invidia.
730 1342 756 1406 5.
780 1336 825 1396 15.

196 1414 222 1476 d.
243 1416 285 1471 De
305 1417 415 1472 Jrrstitia
435 1435 491 1472 non
512 1418 667 1490 simpliciter
687 1429 713 1472 et
733 1435 787 1472 uno
808 1419 890 1472 modo
911 1419 963 1472 dici
984 1437 1073 1490 posse.
1096 1424 1122 1486 5.
1148 1415 1192 1476 16.

166 1497 190 1552 t.
212 1496 325 1566 Caput
343 1505 513 1552 oetaeumr
534 1498 575 1552 De
597 1498 721 1552 virtutum
742 1517 773 1552 ac
794 1498 919 1552 vitiorum
939 1507 1032 1576 mutua
1052 1501 1232 1570 oppositione.

196 1602 224 1634 a.
245 1576 312 1629 Tres
336 1576 396 1630 illos
424 1575 452 1630 in
479 1594 640 1649 unoquoque
668 1577 763 1630 affectu
789 1580 829 1631 uel
857 1578 960 1632 actione
987 1588 1121 1634 exstantes
1147 1581 1254 1634 habitus

246 1672 340 1708 omnes
361 1657 478 1709 interae
499 1655 698 1730 quodammodo
718 1674 848 1728 pugnare.
869 1659 894 1722 5.
919 1651 945 1713 1.

195 1747 223 1805 β.
245 1733 378 1789 Virtutem
399 1735 470 1788 vitiis
489 1737 642 1808 oppositam
663 1751 729 1789 esse.
751 1739 776 1802 5.
798 1730 885 1793 2-3.
992 1749 996 1756 “

196 1839 226 1883 y.
248 1813 322 1866 Vitia
341 1816 426 1884 magis
446 1831 564 1885 pugnare
584 1815 654 1868 inter
675 1831 712 1881 se,
733 1833 813 1886 quam
834 1833 894 1869 curn
914 1816 1018 1870 virtute.
1041 1819 1066 1882 5.
1088 1813 1136 1872 4-
1148 1814 1174 1872 5.

196 1890 221 1950 d.
244 1891 375 1948 Virtutem
397 1894 443 1946 uni
462 1893 528 1948 vitio
548 1897 643 1964 magis,
663 1911 743 1966 quam
764 1896 840 1948 alteri
860 1895 1021 1950 contrariam
1038 1914 1103 1949 esse.
1125 1899 1150 1962 5.
1166 1890 1252 1952 6-8.

165 1991 190 2032 e,
211 1971 328 2042 Caput
348 1990 489 2026 nonum:
510 1973 551 2026 De
571 1975 729 2044 praeceptis,
749 1991 817 2046 quae
838 1974 871 2026 acl
893 1974 979 2046 ipsum
1000 1976 1114 2028 medium
1136 1977 1243 2030 ducunt.

197 2077 224 2108 a.
246 2051 322 2112 Quae
341 2053 379 2106 sit
398 2051 540 2106 difficultas
561 2053 734 2106 inveniendus
755 2053 957 2107 mediocritatis.
980 2057 1006 2119 5.
1030 2049 1115 2110 1-2.

193 2143 223 2201 β.
246 2129 322 2192 Quae
342 2133 378 2184 sit
398 2129 475 2200 hujus
497 2131 662 2185 difficultatis
683 2133 848 2202 superandae
869 2133 946 2187 ratio.
970 2136 995 2198 5.
1017 2127 1104 2189 3-6.

237 2233 283 2267 ιιι.
307 2209 347 2263 Ab
369 2227 401 2264 eo
422 2217 549 2274 extremo,
570 2210 642 2283 quod
665 2213 748 2282 magis
774 2213 934 2266 contrarium
956 2221 1011 2277 est,
1040 2213 1194 2284 longissime
1216 2232 1255 2267 re·

304 2289 435 2342 movearis
456 2299 587 2360 oportere.
609 2293 634 2358 5.
657 2284 683 2346 3.

235 2382 283 2442 pp.
305 2367 493 2424 Rccedendum
524 2387 582 2424 esse
614 2369 727 2424 maxime
755 2364 789 2422 ab
811 2386 844 2422 eo
863 2378 990 2433 extremo,
1012 2371 1046 2422 ad
1066 2371 1138 2441 quod
1160 2371 1255 2441 proeli-

306 2447 393 2501 viores
413 2466 513 2502 sumus.
536 2451 562 2514 5.
584 2444 671 2504 4-5.

235 2553 287 2599 yy.
303 2528 414 2580 Summo
434 2527 525 2582 studio
545 2527 674 2600 quidquid
695 2525 774 2581 nobis
799 2527 963 2597 voluptatem
990 2527 1080 2593 atl'ert,
1107 2529 1253 2584 cavendum

307 2624 375 2660 esse.
397 2609 423 2672 5.
445 2601 472 2660 6.

196 2714 226 2759 7.
243 2686 362 2820 Medipm
383 2687 411 2740 in
431 2684 512 2740 rebus
533 2685 713 2756 singularibus
734 2693 856 2739 accurate
878 2684 994 2749 delinire,
1016 2683 1122 2742 difficile
1139 2703 1206 2740 esse.
1228 2689 1255 2752 5,

106 2845 148 2899 lll.
168 2847 209 2900 De
230 2844 407 2916 imputatione
427 2843 576 2898 actionum:
597 2841 694 2896 Libri
716 2843 816 2896 tertii
837 2851 918 2915 caput
941 2837 1025 2898 1-5.

144 2920 169 2981 1.
189 2925 301 2996 Caput
321 2925 482 2996 primum:
504 2923 544 2978 De
565 2922 691 2994 eoquod
713 2931 810 2994 sponte
831 2922 1102 2993 nostrasusoipiraus,
1122 2923 1202 2978 etde
1223 2941 1255 2980 eo

192 3005 267 3077 quod
287 3001 365 3058 inviti
385 3003 497 3073 affluam.
1176 3009 1192 3038 2

172 3103 197 3140 a.
218 3083 274 3138 cur
294 3083 328 3136 ad
347 3081 547 3153 philosophiam
568 3083 696 3134 moralem
715 3080 847 3152 pertineat
867 3082 1047 3138 consideratio
1067 3099 1168 3150 eorum,
1189 3099 1256 3152 quae

214 3166 276 3235 quis
295 3169 392 3232 sponte
414 3173 460 3215 aut
479 3161 579 3216 invitus
599 3159 688 3214 faeiat.
710 3163 736 3225 5.
759 3155 845 3216 1-2.

201 3267 228 3302 ιι.
251 3241 322 3302 Quia
341 3243 400 3294 laus
419 3250 447 3296 et
468 3240 634 3312 vituperium,
656 3242 733 3296 venia
753 3243 780 3294 et
799 3239 981 3294 misericordia
1002 3243 1029 3294 iu
1050 3239 1082 3295 iis
1103 3243 1191 3295 locum
1212 3238 1257 3294 lra-

251 3320 325 3374 bent.
346 3322 373 3385 5.
395 3315 421 3376 1.

203 3414 230 3472 p.
253 3399 325 3464 Quia
344 3401 432 3470 legum
452 3395 582 3452 latoribus
602 3395 734 3466 ejusmodi
755 3397 907 3470 disquisitio
928 3399 1000 3455 utilis
1021 3407 1070 3456 est.
1091 3401 1118 3466 5.
1138 3393 1168 3456 2.

175 3482 199 3538 tr.
219 3481 261 3534 De
282 3496 324 3543 co,
343 3478 416 3550 quod
437 3477 514 3532 inviti
535 3475 701 3547 suscipimus.
723 3480 749 3543 5.
770 3472 877 3534 3-19.

205 3585 232 3618 a.
254 3559 296 3613 De
317 3557 359 3622 iis,
378 3575 446 3629 quae
467 3557 494 3610 ei
513 3555 600 3610 coacti
621 3557 734 3626 agimus.
757 3560 783 3623 5.
805 3551 912 3614 3-12.

242 3663 290 3696 a..
311 3637 466 3691 Violentum
486 3653 554 3701 esse,
575 3633 650 3702 crrjus
670 3635 828 3708 principium
849 3644 923 3691 extra
943 3645 993 3703 est,
1014 3652 1074 3689 cum
1095 3635 1133 3701 is,
1154 3637 1196 3702 cui
1218 3635 1257 3690 ris

313 3716 428 3782 affertur,
449 3715 549 3770 nullam
570 3731 678 3785 operam
700 3715 827 3768 conferat.
850 3718 875 3781 5.
896 3709 924 3771 3.
1226 3737 1228 3740 ·

241 3809 270 3868 ρ.
290 3794 333 3849 De
354 3795 401 3860 iis,
428 3811 496 3866 quae
523 3801 596 3848 metu
623 3791 753 3861 majorum
778 3796 909 3848 malonem
934 3801 980 3847 aut
1003 3793 1144 3848 honestate
1171 3794 1259 3865 aliqua

310 3874 397 3928 coacti
417 3875 530 3943 agimus.
552 3875 578 3939 5.
599 3867 706 3929 4-10.
746 3921 752 3934 .

288 3970 311 4006 e.
333 3952 462 4022 Exempla
482 3954 618 4006 actionum
640 3961 711 4006 metu
733 3949 862 4020 majorum
881 3952 1012 4005 malorum
1040 3959 1210 4022 patratarum.
1233 3955 1258 4015 5.

286 4111 311 4166 l).
332 4111 469 4174 Actiones,
490 4127 556 4180 quas
576 4118 649 4164 metu
669 4107 801 4178 majorum
821 4109 950 4162 malorum
973 4115 1018 4162 aut
1046 4107 1188 4162 honestate
1214 4109 1258 4162 ali·

337 4207 391 4262 qua
410 4188 497 4243 coacti
518 4188 630 4258 agimus,
651 4191 747 4242 mixtas
768 4205 843 4253 esse,
863 4205 932 4252 cum,
953 4187 1004 4242 etsi
1024 4187 1178 4257 simpliciter
1205 4188 1260 4240 vio·

338 4270 436 4334 lentae,
456 4275 545 4322 tamen
565 4266 721 4339 spontaneis
742 4266 889 4322 similiores.
902 4269 965 4320 siut.
986 4269 1012 4332 5.
1034 4259 1120 4322 6-8.

309 4363 350 4402 uo.
362 4345 434 4408 Quia
455 4348 522 4400 tales
542 4346 661 4401 actiones
681 4355 747 4412 tum,
768 4363 829 4400 cum
853 4347 931 4414 liunt,
950 4347 1011 4399 finis
1039 4343 1149 4413 alicujus
1175 4347 1261 4414 gratia

361 4427 462 4482 electae
482 4434 554 4482 sunt.
575 4427 602 4492 5.
622 4420 651 4491 6,
671 4427 688 4480 l.
709 4417 796 4482 2-5.
