3064 5036
215 333 283 387 XVl
646 332 813 403 Conspectus
836 333 896 388 libri
918 334 938 390 I.

314 559 342 591 a.
361 533 474 604 Caput
495 542 671 604 quartum:
693 534 770 594 erae
798 534 852 588 sint
877 535 1019 604 opiniones
1045 536 1077 590 de
1106 553 1211 590 summo
1240 536 1313 592 bono
1340 547 1366 592 ct

362 631 431 684 quse
452 613 602 675 methodus,
623 630 676 683 qus
696 612 783 682 ipsum
804 611 964 683 investigere
984 614 1137 671 debeamus.

354 717 401 751 aa.
422 691 464 746 De
484 691 590 746 nomine
611 708 704 744 omnes
725 694 874 746 convenire.
896 695 919 760 §.
943 688 1028 751 1-2.
1049 696 1083 750 ud
1103 698 1148 750 fin.

352 783 399 843 pp.
421 771 461 825 Re
481 771 567 824 varies
588 770 700 824 eliorum
720 771 860 841 opiniones
882 771 1032 834 dissentire.
1050 777 1074 842 i.
1095 769 1123 830 2.
1142 777 1188 830 fin.
1200 804 1237 816 —
1249 776 1272 842 §.
1294 771 1321 831 4.

353 876 404 919 W,
418 850 513 904 Utrum
534 869 551 902 n
569 848 716 920 principiis,
737 867 772 902 nn
793 849 827 904 ud
850 851 981 922 principia
1000 853 1105 908 initium
1126 853 1205 924 hujus
1232 853 1369 908 doctrinae

414 928 564 984 ducendum
584 929 627 982 sit.
649 930 672 996 §.
693 924 781 984 5-7.
964 976 967 986 .

394 1022 418 1062 o.
439 1007 596 1062 Methodum
616 1025 675 1062 esse
695 1007 836 1078 duplicem.
857 1010 880 1076 §.
901 1007 928 1065 5.
950 1010 1008 1064 init.

394 1088 418 1140 b.
439 1087 494 1142 Cur
513 1087 596 1141 modo
617 1086 676 1153 huc,
695 1087 778 1142 modo
798 1089 844 1142 ilio
863 1089 991 1144 methodo
1013 1089 1052 1144 uti
1073 1087 1224 1144 debeamus.
1246 1092 1269 1158 §.
1284 1086 1311 1144 5.
1322 1090 1368 1142 fin.

395 1181 414 1219 t.
440 1166 518 1229 Quse
538 1166 681 1220 methodus
701 1166 729 1219 in
750 1167 845 1220 morali
854 1166 997 1239 discipline
1016 1169 1052 1223 sit
1065 1169 1228 1224 adhibenda.
1243 1171 1265 1238 ὁ.
1281 1163 1367 1225 6-7.

312 1259 341 1318 p.
362 1245 475 1316 Caput
494 1244 668 1316 quintum:
689 1245 887 1302 Bestitudinem
907 1249 1024 1319 positum
1045 1265 1102 1303 esse

353 1350 399 1382 aa.
422 1341 507 1396 neque
526 1324 555 1378 in
574 1324 695 1395 eorporis
715 1327 853 1395 voluptate
873 1329 896 1392 i.
919 1322 933 1382 1
950 1359 961 1366 ·
977 1321 1004 1383 3.

352 1416 399 1474 pp.
421 1421 507 1475 neque
527 1405 555 1457 in
575 1404 676 1458 honore
697 1406 721 1472 §.
743 1398 831 1462 4-5.

398 1500 423 1538 u.
443 1484 573 1537 honorem
594 1484 665 1537 enim
686 1484 713 1536 in
734 1482 786 1536 slio
808 1501 876 1538 esse.
897 1487 922 1552 ᾗ.
944 1481 971 1541 d.

395 1563 418 1616 h.
441 1562 569 1616 honorem
591 1562 681 1618 virtuti
702 1561 851 1633 subjectum
872 1581 930 1618 esse
951 1566 974 1632 §.
996 1562 1022 1618 5.

353 1667 403 1712 yy.
418 1659 504 1714 neque
523 1641 551 1695 in
572 1641 665 1697 habitu
686 1641 791 1696 virtutis
812 1644 835 1710 ᾗ.
856 1637 943 1700 6-7.

354 1717 398 1781 ih,
420 1739 505 1793 neque
525 1722 552 1775 in
574 1720 680 1776 divitiis.
702 1723 725 1789 i.
745 1716 774 1777 8.

314 1825 345 1870 y.
361 1800 475 1872 Caput
495 1808 640 1855 sextum:
662 1801 799 1856 Summum
820 1799 921 1854 bonum
942 1817 996 1854 non
1017 1818 1075 1855 esse
1095 1801 1182 1858 idesm
1203 1803 1332 1857 Plutonis.

354 1905 401 1938 aa·
423 1881 529 1934 Bonum
549 1879 576 1934 in
598 1879 750 1934 universum
770 1880 857 1934 ideam
877 1897 936 1934 esse
958 1896 1013 1934 non
1033 1896 1121 1951 posse.
1143 1883 1166 1949 §.
1190 1877 1275 1938 1-7.

395 1977 418 2014 u.
440 1959 529 2022 Quam
549 1959 732 2014 difficultatem
752 1959 819 2014 hoec
839 1957 995 2030 disquisitio·
1011 1958 1150 2015 Aristoteli
1170 1961 1276 2018 hubent.
1297 1964 1323 2030 §.
1345 1955 1371 2016 1.

395 2039 419 2094 h.
439 2039 578 2174 lingone&
597 2057 645 2093 cnr
664 2057 718 2093 non
740 2038 776 2092 sit
795 2056 849 2093 unu
876 2040 1025 2094 communis
1045 2038 1107 2102 ideo¹
1134 2035 1259 2096 omnibus
1283 2041 1371 2096 honis.

417 2197 643 2253 nu.Communem
662 2197 749 2251 ideam
770 2214 826 2251 non
845 2195 943 2251 hahere
955 2195 1038 2268 prius
1059 2205 1087 2252 et
1106 2197 1250 2268 posterius,
1270 2197 1371 2252 bonurn

467 2283 559 2330 nutem
579 2275 678 2330 hebere
699 2276 772 2348 prius
793 2284 821 2331 et
840 2275 982 2346 posterius.
1004 2277 1028 2344 §.
1048 2269 1076 2332 2.

301 2353 320 2376 ⁸
417 2355 457 2410 hh.
465 2356 571 2410 Bonum
592 2357 619 2409 in
640 2355 766 2410 omnibus
786 2357 929 2426 categoriis
950 2355 1018 2421 dici;
1038 2372 1094 2410 non
1114 2356 1196 2427 igitur
1221 2373 1280 2411 esse
1300 2369 1372 2411 com·

373 2481 378 2486 .
466 2452 575 2490 munem
595 2443 621 2490 et
642 2435 817 2491 universalem
837 2435 926 2489 ideam
946 2429 1021 2492 boni.
1042 2437 1066 2504 ᾗ.
1087 2429 1117 2493 3.

419 2530 451 2568 ce.
468 2513 538 2569 Cum
559 2514 692 2570 honorum
713 2533 769 2570 non
789 2533 843 2570 unu
868 2522 896 2570 et
916 2515 1008 2571 endem
1029 2516 1064 2590 sit
1084 2515 1204 2581 scientia,
1225 2532 1274 2570 nec
1294 2531 1373 2569 tinum

468 2611 526 2649 esse
546 2611 715 2650 communem
732 2595 832 2650 ideam.
853 2597 876 2662 i.
892 2589 920 2651 4.

414 2674 602 2745 bb.Superflue
620 2691 679 2728 esse
700 2672 868 2736 universalis,
891 2673 954 2743 quis
974 2673 1043 2727 inter
1063 2671 1221 2726 universslis
1248 2676 1276 2724 et
1303 2670 1372 2724 indi·

468 2752 548 2807 vidua
567 2754 640 2806 nulls
660 2752 696 2806 sit
715 2751 863 2806 essentialis
884 2750 1040 2805 differentis.
1061 2751 1087 2817 ᾗ.
1107 2745 1193 2806 5-6.

401 2849 420 2886 e.
440 2831 670 2904 Pythagoreorum
691 2830 825 2885 sententis
845 2829 878 2882 de
899 2829 980 2884 bono.
1001 2830 1025 2896 §.
1046 2824 1074 2883 7.

351 2925 399 2985 pp.
419 2911 460 2966 Ne
480 2928 527 2982 per
547 2928 576 2964 se
595 2909 704 2980 quidem
724 2910 835 2975 honum,
855 2905 975 2977 sejuncto
996 2908 1068 2961 bono
1089 2907 1163 2979 quod
1184 2915 1287 2963 tentum
1308 2906 1372 2962 utile

421 2998 471 3055 est,
491 2990 578 3044 ideam
598 3006 656 3044 esse
677 3007 767 3060 posse.
783 2990 812 3056 ἑ.
833 2980 943 3043 8-12,

395 3086 419 3123 c.
440 3068 586 3124 Distinctio
620 3087 667 3139 per
699 3087 727 3121 se
760 3067 893 3120 honorum
924 3075 951 3120 et
984 3066 1117 3140 bonorum
1151 3073 1261 3138 propter
1291 3064 1370 3118 eliud.

394 3227 418 3281 b.
440 3151 495 3281 idun
514 3245 560 3298 per
581 3243 609 3280 se
631 3226 709 3280 bonis
730 3241 784 3280 non
805 3226 840 3280 sit
861 3225 1010 3280 communis
1031 3225 1099 3280 ides.
1119 3227 1145 3293 i.
1168 3219 1206 3280 10
1219 3255 1232 3264 ·
1247 3217 1294 3279 11.

417 3307 496 3362 uu.Si
517 3305 618 3378 species
638 3305 684 3359 ilia
697 3305 830 3360 bonorum
851 3305 917 3360 nihii
939 3304 1011 3359 siiud
1025 3304 1171 3369 continent,
1191 3321 1272 3376 quum
1285 3318 1371 3372 genus

468 3384 566 3457 ipsum,
587 3384 673 3456 ipsum
693 3402 752 3439 essc
772 3385 901 3440 inutilem.
923 3386 946 3453 §.
968 3378 1015 3444 10.

415 3465 456 3519 hh.
467 3465 515 3520 Sin
535 3467 612 3536 plurs
631 3481 678 3535 per
697 3483 726 3520 se
740 3465 812 3519 bonu
832 3464 894 3530 sint,
913 3480 969 3518 non
982 3463 1082 3536 ipone,
1101 3470 1196 3533 utpote
1215 3457 1318 3516 ratione
1332 3458 1373 3512 di·

469 3561 553 3611 verso,
574 3543 610 3598 sd
629 3561 710 3598 unum
730 3560 899 3598 communem
920 3542 1007 3598 ideam
1027 3541 1168 3614 pertinere.
1189 3543 1212 3608 §.
1235 3535 1282 3596 11.

400 3639 419 3678 t.
439 3624 491 3678 Per
510 3622 662 3694 snsiogisrn
681 3623 755 3678 bons
773 3623 886 3678 univoce
906 3622 968 3677 dici.
988 3624 1012 3690 ᾗ.
1035 3616 1081 3678 12.

351 3727 403 3774 w.
418 3703 565 3769 Ooncesso,
581 3709 618 3840 pp
636 3703 698 3838 sirlrp5
710 3703 796 3770 ideee,
815 3718 871 3759 non
898 3719 968 3774 opus
994 3717 1053 3756 esse
1079 3717 1205 3772 quaerere
1230 3698 1283 3753 hoc
1309 3698 1373 3751 loco

419 3783 453 3837 de
473 3782 514 3838 iis.
534 3784 558 3850 h.
620 3811 657 3825 -
700 3822 707 3838 .

393 3878 417 3916 o.
438 3861 538 3926 ideam,
558 3869 589 3915 ut
609 3861 710 3998 hppum
730 3868 889 3934 separatum,
910 3859 954 3931 sgi
975 3866 1002 3915 et
1025 3857 1126 3931 acquiri
1146 3873 1201 3912 non
1228 3871 1310 3927 posse
1336 3855 1372 3909 eb

440 3941 557 3996 homine.
576 3942 600 4009 §.
661 3981 668 3996 .

393 4019 418 4074 h.
438 4020 533 4074 Utrum
554 4020 674 4090 cognitio
694 4017 752 4089 ejus
771 4019 891 4075 conferet
911 4018 945 4074 sd
964 4018 1067 4072 bonum
1087 4016 1242 4070 humanum.
1263 4015 1287 4083 §.
1309 4008 1356 4070 14.

414 4099 604 4234 ouNerpinem
640 4097 769 4154 artificem
803 4115 852 4154 suu
883 4099 912 4154 in
948 4103 1006 4153 orte
1041 4113 1132 4151 curere
1157 4095 1191 4150 de
1214 4093 1276 4149 iden
1295 4091 1371 4149 boni.

414 4258 455 4313 hh.
464 4259 555 4313 Artem
575 4273 701 4330 quserere
715 4275 771 4312 non
781 4249 884 4310 bonum
898 4255 926 4311 in
937 4255 1104 4320 universum,
1118 4253 1166 4310 sed
1186 4252 1258 4308 circe
1277 4250 1370 4321 singu·

467 4340 518 4394 los.
539 4339 562 4406 ξ.
584 4331 631 4393 16.

283 4420 310 4480 b.
330 4417 447 4489 Caput
467 4416 663 4490 septimum:
685 4415 762 4478 Quae
782 4415 817 4470 sit
837 4432 900 4470 vers
918 4414 1054 4470 t‘eiicitstis
1074 4411 1202 4468 definitio.

315 4523 341 4557 a·
365 4497 450 4552 Rudis
469 4495 526 4567 ejus
547 4495 666 4552 definitio
677 4494 857 4551 unctionibus
878 4495 1064 4550 communibus
1075 4493 1224 4562 depromts.
1245 4490 1269 4557 t.
1281 4483 1295 4544 1
1307 4521 1322 4532 -
1339 4479 1370 4542 8.
