3064 5036
722 347 890 421 Conwffl·
909 357 973 416 libri
993 354 1040 411 IX·
1060 441 1063 449 Ι

434 577 485 622 W.
508 549 576 604 Cum
596 549 712 604 bonus'
704 570 732 606 ιιι
753 553 867 610 amicum
887 555 927 612 ita
945 566 977 613 ut
996 576 1026 612 se
1045 557 1135 647 ipsum
1159 563 1231 610 amat
1252 555 1287 610 sit
1307 559 1445 620 animatus,

505 632 651 685 amicitiam
671 650 730 686 esse
750 634 874 690 virtutem
887 657 999 711 vereque
1013 638 1114 692 amicos
1129 636 1199 690 viros
1214 637 1309 696 bonos.
1324 639 1347 705 S.
1362 631 1447 695 7-8

433 706 477 770 11,
499 710 641 802 Improbos
662 729 738 766 verae
759 715 890 772 amicitiae
912 737 970 773 esse
991 726 1121 787 expertes,
1146 735 1205 770 cum
1227 717 1293 771 haec
1314 717 1403 770 omnia
1422 716 1447 770 in

502 789 536 843 iis
558 809 620 861 erga
640 809 669 845 se
689 791 763 864 ipsos
783 812 838 849 non
858 799 950 854 insint.
973 801 998 864 S.
1019 791 1128 853 9-12.

502 886 525 925 o.
562 871 684 941 Pugnare
705 890 795 928 seeum
814 875 953 948 improbos
974 896 1005 931 ac
1025 877 1164 941 dissidere,
1195 877 1343 947 spretisque
1370 875 1446 930 bonis

563 948 682 1019 jucunda
702 961 729 1006 et
750 955 879 1010 damnosa
900 976 1011 1012 sumere
1034 960 1059 1023 S
1083 951 1129 1012 10.

503 1029 527 1084 b.
566 1032 656 1084 Vitam
676 1049 722 1086 eos
742 1033 833 1104 fugere
853 1037 957 1109 sibique
975 1055 1069 1091 manus
1089 1035 1193 1089 merra
1215 1029 1346 1108 §.11‚l.
1369 1029 1447 1093 1-3.

504 1126 523 1166 ι.
564 1112 626 1165 Se
619 1129 693 1182 ipsos
713 1113 813 1183 fugere,
832 1133 882 1170 nec
903 1121 957 1172 ullo
985 1133 1049 1188 erga
1075 1133 1103 1171 se
1132 1115 1231 1170 amoris
1257 1118 1353 1170 affectu
1379 1138 1448 1173 com·

565 1192 675 1246 moveri.
697 1195 722 1258 S.
746 1189 830 1261 11,1.
852 1191 935 1254 3-8.

501 1272 524 1326 b.
559 1272 662 1410 Νιιιίιὲ
672 1289 761 1328 seciam
782 1293 835 1330 uua
854 1277 948 1333 laetari
969 1291 1055 1347 nequa
1077 1293 1166 1330 secum
1188 1275 1247 1347 pari
1265 1277 1358 1333 dolore
1373 1278 1448 1333 affici.

435 1455 465 1490 ιε.
501 1431 654 1502 improbos,
674 1451 735 1486 cum
755 1451 804 1488 nec
825 1453 853 1489 se
864 1437 938 1504 ipsos
953 1441 1042 1490 ament
1062 1451 1149 1507 neque
1167 1434 1280 1490 aliorum
1295 1436 1349 1490 sint
1364 1437 1448 1502 amici,

503 1529 560 1565 esse
581 1513 657 1566 valde
677 1513 796 1568 miseros.
819 1519 845 1582 S.
867 1509 913 1572 13.

392 1603 421 1662 p.
444 1590 557 1662 Caput
578 1592 749 1663 quintum:
777 1595 819 1648 De
845 1593 1039 1650 benerolentia.
1081 1594 1176 1648 Utrum
1204 1593 1450 1650 beneuolentiat
1418 1596 1450 1650 sit

445 1671 571 1736 amicitia,
593 1691 626 1726 an
646 1675 737 1743 potius
759 1675 890 1730 amicitiae
911 1674 1079 1748 principium.

433 1775 479 1809 ιιιι.
501 1752 717 1807 Benevolentiam
730 1772 786 1809 non
800 1774 857 1810 esse
879 1756 1023 1810 amicitiam
1045 1771 1131 1830 peque
1146 1755 1315 1810 amotionem
1329 1757 1353 1826 S.
1368 1751 1449 1814 1-2

432 1843 480 1902 pp.
501 1832 718 1888 Benevoleutiam
739 1853 797 1890 esse
816 1836 977 1908 principium
998 1836 1140 1889 amicitiae.
1163 1831 1189 1908 S.
1211 1829 1238 1893 3

432 1937 483 1982 w.
499 1911 561 1968 Non
582 1913 714 1968 amicitiae
735 1916 807 1970 utilis
829 1925 875 1970 aut
893 1915 1035 1986 jucundae,
1058 1915 1106 1969 sed
1126 1933 1204 1971 verae
1225 1916 1356 1972 amicitiae
1370 1917 1449 1973 bene·

504 1993 647 2048 volentiam
668 2012 726 2049 esse
746 1996 913 2068 principium.
935 1999 961 2062 S
982 1991 1066 2052 4-5.

393 2097 422 2142 ι.
445 2070 556 2143 Caput
576 2082 725 2130 sextum:
747 2077 787 2130 De
809 2077 961 2133 concordia.
988 2077 1083 2131 Utrum
1105 2075 1249 2130 concordia
1270 2077 1305 2132 sit
1325 2079 1449 2144 amicitia,

445 2168 479 2204 an
499 2155 587 2206 solum
607 2154 641 2207 ad
662 2173 721 2209 eam
741 2157 882 2226 pertineat.

434 2255 479 2289 ιιιι.
502 2231 680 2289 Concordiam
710 2253 765 2292 non
795 2255 853 2292 esse
884 2235 1043 2307 opinionum
1072 2251 1249 2304 consensum,
1275 2237 1323 2292 sed
1353 2241 1449 2294 versari

502 2311 571 2366 circa
591 2332 623 2367 ea
643 2333 710 2386 quae
732 2325 847 2386 aguntur·
867 2316 990 2372 anobis.
1012 2318 1037 2382 S
1061 2311 1075 2371 1
1079 2309 1142 2370 -2.

432 2403 479 2463 pp.
502 2392 681 2449 Concordiam
703 2415 761 2451 esse
781 2397 926 2451 amicitiam
947 2396 1050 2449 ciiilem
1072 2407 1099 2452 et
1119 2395 1262 2450 bonorum.
1284 2399 1309 2463 S
1330 2391 1359 2454 3.

431 2462 583 2542 ypldalos
605 2477 751 2530 concordes
772 2495 906 2532 essenon
927 2493 1014 2546 posse.
1037 2477 1060 2543 S
1081 2473 1109 2532 4.

393 2548 418 2610 1.
441 2552 556 2623 Caput
577 2559 782 2627 septimum:
804 2559 843 2611 De
865 2556 1046 2610 beneficentia.
1088 2558 1178 2618 Quare
1198 2555 1311 2609 benefici
1332 2575 1395 2623 eos,
1418 2559 1449 2611 de

443 2633 541 2702 quibus
563 2634 630 2689 bene
650 2635 739 2690 metii
759 2646 833 2702 suut,
853 2635 1035 2691 vehementius
1057 2645 1155 2703 ament,
1176 2654 1255 2707 quam
1275 2636 1309 2703 ii,
1338 2638 1383 2709 qui
1405 2638 1448 2691 be-

442 2714 538 2766 neficio
560 2715 647 2769 affecti
668 2723 739 2780 sunt,
759 2717 827 2770 bene
849 2717 881 2770 de
903 2733 931 2770 se
951 2715 1072 2776 meritos.

433 2815 479 2850 ιιι.
501 2792 542 2846 Ab
574 2811 606 2846 eo
635 2798 681 2866 qui
708 2796 866 2850 beneficium
901 2797 1016 2848 contulit
1048 2815 1103 2850 non
1123 2789 1178 2866 spe
1214 2791 1359 2865 recipiendi
1390 2815 1449 2850 curn

502 2873 548 2942 qui
570 2877 671 2945 aceepit
692 2876 777 2946 magis
798 2875 889 2940 amari,
910 2893 971 2928 cum
992 2884 1018 2929 et
1038 2876 1089 2930 hac
1109 2893 1156 2946 spe
1184 2875 1328 2929 destitutus
1353 2875 1450 2929 nihilo·

500 2951 588 3007 miuus
609 2954 743 3010 beneficus
765 2965 843 3010 amet.
865 2959 891 3022 S.
914 2949 996 3011 1-3.

430 3042 477 3103 pp.
499 3031 721 3106 Unumquemque
748 3053 816 3108 opus
845 3055 921 3090 suum
949 3035 1075 3106 diligere,
1103 3053 1164 3089 cum
1196 3034 1280 3088 simus
1311 3036 1448 3106 operando

498 3120 621 3169 nostrum
642 3116 840 3187 quodammodo
862 3134 938 3188 opus.
960 3118 983 3184 S.
1005 3112 1088 3171 4-5.

431 3215 481 3260 w.
497 3191 650 3248 Beneficum
680 3197 792 3250 retinere
813 3196 968 3250 memoriam
988 3197 1091 3266 pulchri
1112 3193 1191 3261 facti,
1211 3212 1272 3248 eum
1299 3197 1345 3266 qui
1376 3213 1449 3249 acce·

499 3270 539 3339 pit
560 3275 681 3329 utilitatis
702 3279 859 3368 praeteritae
874 3276 1003 3331 obliuisci.
1027 3279 1054 3342 S.
1075 3271 1157 3330 6-7.

432 3346 475 3410 11.
499 3349 600 3408 Omnes
621 3373 652 3409 ca
671 3359 757 3427 magis
778 3376 866 3411 amare
888 3375 960 3428 quae·
981 3374 1079 3426 magno
1100 3356 1192 3412 labore
1213 3354 1351 3408 consecuti
1378 3363 1450 3422 sunt,

500 3433 619 3490 conferre
641 3445 731 3491 autem
751 3437 908 3492 beneficium
930 3436 1090 3490 laboriosius
1111 3453 1201 3508 quam
1213 3435 1341 3506 accipere.
1362 3437 1385 3504 S.
1406 3429 1434 3490 8.

361 3530 384 3572 c.
406 3510 597 3570 Dubitationes
619 3517 688 3572 circa
708 3518 854 3572 amicitiam
875 3524 1001 3588 exparte
1029 3516 1113 3586 ipsius
1140 3517 1254 3570 amantis
1281 3517 1446 3586 propositae.

322 3653 324 3656 ,
410 3611 432 3646 c.
454 3585 538 3648 8-9.

391 3672 554 3746 ι.οιριιι
575 3686 749 3731 octavum:
770 3678 811 3730 De
833 3679 983 3731 amoresui.
1004 3677 1100 3730 Utrum
1112 3695 1139 3730 se
1161 3678 1249 3747 ipsum
1269 3677 1391 3741 maxime,
1413 3693 1448 3728 an

440 3757 530 3822 alium,
551 3775 639 3812 amare
660 3757 809 3812 conveniat.

433 3859 479 3895 ιιιι.
502 3836 659 3892 Contrariae
681 3839 821 3910 opiniones
843 3837 876 3890 de
898 3853 987 3890 amore
1009 3835 1050 3889 sui
1071 3842 1194 3889 enarran
1195 3853 1233 3888 ur
1255 3837 1281 3900 S.
1304 3828 1389 3891 1-2.

499 3933 522 3970 o.
559 3919 705 3973 Hominem
725 3918 878 3990 improbum
899 3917 989 3970 omnia
1010 3934 1059 3970 sua
1079 3928 1168 3969 causa
1184 3933 1270 4005 agere
1292 3917 1318 3980 S.
1342 3909 1367 3970 1.

499 3997 522 4054 i.
561 4000 784 4070 Unumquemque
805 3997 942 4051 hominem
963 4015 990 4050 se
1012 3997 1100 4068 ipsum
1121 3995 1242 4050 maximis
1271 3995 1349 4050 bonis
1370 4012 1448 4048 orna·

562 4086 619 4132 tum
641 4082 715 4133 velle.
738 4083 762 4144 S.
785 4073 812 4134 2.

428 4169 475 4228 pp.
497 4158 539 4211 Ad
560 4160 713 4212 soluendam
729 4159 910 4212 difficultatem
926 4157 1055 4228 distingui
1069 4156 1174 4221 debere,
1188 4173 1242 4226 quo
1262 4173 1342 4210 sensu
1357 4172 1448 4208 amans

462 4239 541 4332 'sui
563 4239 715 4310 accipiatur.
738 4241 763 4304 S.
785 4231 872 4294 3-6.

501 4336 524 4374 o.
561 4321 702 4372 Amantem
723 4318 765 4371 sui
786 4317 930 4386 vituperari
956 4333 1025 4375 eum,
1049 4318 1095 4387 qui
1123 4317 1256 4369 bonorum
1282 4316 1317 4368 ad
1344 4316 1448 4368 animae

559 4406 663 4469 partem
684 4398 795 4450 rationis
822 4401 954 4466 expertem
979 4399 1169 4466 pertinentium
1197 4395 1325 4464 majorem
1344 4401 1448 4466 partem

561 4478 613 4530 sibi
634 4477 728 4530 tribuit
749 4484 775 4530 et
795 4476 918 4530 vindicat.
941 4477 966 4540 S.
988 4471 1015 4530 ll.
1108 4492 1124 4528 s

499 4558 523 4614 b,
562 4556 616 4618 Qui
636 4557 764 4611 virtutum
785 4556 906 4610 omnium
925 4556 1068 4611 maximam
1094 4563 1197 4626 partem
1225 4555 1278 4610 sibi
1304 4553 1396 4610 tribuit
1422 4560 1450 4607 et
