3064 5036
511 361 586 418 Libri
606 363 626 418 l.
668 363 735 434 (lap.
757 365 782 416 V
804 364 872 432 (ΙΙΙ).
1225 365 1270 437 31

107 581 167 646 das
192 579 319 646 videtur
341 579 552 665 significasse,
577 603 649 646 cum
673 581 732 644 ait:
763 575 897 663 ἔφιύκλιοι
920 580 1031 664 λέγεται
1053 578 1102 646 sol
1125 577 1163 648 τοὶ
1185 611 1273 670 ποιη-

108 686 186 758 τικοί.
222 692 290 758 Sed
303 693 472 777 profitetur
485 693 667 758 Eustratius
686 692 771 777 ipse:
797 689 836 771 οἷς
859 685 936 778 ἡμεῖς
959 691 1007 778 μὲν
1024 687 1074 758 οὐκ
1096 690 1270 784 ἐνετύχομεν,

107 799 164 869 εἶσὶ
189 796 216 870 d'
239 799 270 869 ol
289 799 354 887 aspi
377 799 480 870 τούτου
504 799 671 890 ἱστόρησαν.
717 804 804 872 Nihil
827 815 934 870 tamen
964 808 1119 892 ejusmodi
1148 811 1274 895 scripsit

107 913 321 997 Aristoteles,
351 917 413 984 nisi
443 939 515 982 cum
538 919 670 984 Donato
691 928 725 982 et
746 918 896 1003 Menagio
925 919 965 984 ad
987 919 1142 1004 Diogenis
1168 923 1274 987 locunt

105 1026 274 1092 laudatum
291 1029 370 1096 velis
387 1030 562 1108 admittere,
579 1029 784 1095 Aristotelem
801 1031 1089 1116 encyolopaediam,
1107 1056 1201 1118 quam
1214 1057 1272 1098 vo-

108 1149 184 1204 cant
195 1185 207 1218 ,
252 1141 455 1206 scientiarum
491 1141 576 1226 vrdgi
613 1143 787 1208 intellectui
824 1145 1096 1209 accommodatam
1135 1145 1273 1212 edidisse

109 1251 261 1332 (fortasse
283 1253 398 1318 librum
414 1255 454 1320 do
469 1255 594 1318 Mundo
617 1256 657 1320 ad
672 1255 914 1334 Alexandrum),
937 1267 974 1322 ut
996 1265 1028 1322 et
1042 1257 1115 1322 vivo
1127 1259 1273 1338 Platone,

107 1371 285 1448 antequam
306 1365 376 1448 ipse
406 1367 447 1432 ad
474 1367 715 1452 philosophiam
738 1369 937 1433 tractandam
965 1371 1146 1449 accederet,
1175 1371 1274 1436 libros

105 1475 310 1558 populariter
333 1479 468 1564 scriptos
490 1479 600 1559 edidit,
625 1481 665 1544 ad
688 1502 768 1565 quos
790 1489 897 1545 mmen
920 1491 1032 1545 nostro
1053 1483 1125 1547 looo
1147 1483 1275 1549 Aristo-

106 1566 190 1652 teles
223 1608 290 1654 non
313 1591 459 1675 respicit,
490 1613 562 1657 cum
586 1593 625 1657 ad
648 1593 837 1658 rhetoricam
859 1593 1062 1678 potissimum
1083 1595 1274 1680 pertinuisse

105 1700 281 1768 videantur
304 1703 427 1780 (Stahr.
450 1703 614 1769 Aristotel.
638 1705 678 1769 Τ.
702 1704 733 1784 Ι,
755 1727 789 1790 p.
814 1705 954 1788 69-70).
1278 1757 1281 1766 ·

202 1814 232 1897 t.
266 1815 295 1880 7.
343 1815 369 1880 ἐν
399 1820 456 1894 τοῖς
486 1815 636 1902 ἑπομένοις)
667 1817 739 1882 lnfr.
768 1819 816 1899 X,
845 1842 873 1883 c.
905 1821 935 1886 7.
980 1821 1178 1887 Eustratiust
1213 1815 1273 1886 οἷπδ

105 1925 160 1990 τῶν
184 1919 341 2012 ὑφειμένον
365 1923 412 1993 ἐπὶ
426 1921 465 1993 τοὶ
479 1919 689 2012 inspectore
699 1924 892 2017 ἀνερχόμενος.
928 1933 1168 2017 Contemplatio
1188 1934 1273 1999 enim

105 2037 255 2104 veritatis
274 2041 344 2125 jam
367 2040 488 2120 divina,
510 2063 577 2106 non
599 2043 739 2108 humana
760 2042 903 2108 felicitas.

200 2153 231 2235 t.
256 2151 287 2217 8.
333 2148 564 2239 χρημοτιοοής)’
580 2154 701 2240 Supple
730 2155 780 2220 vol
808 2139 960 2237 ἅνθρωπος
989 2157 1041 2221 vel
1068 2158 1174 2242 potius
1203 2156 1272 2238 βίος.

105 2265 308 2350 Neutiquam
337 2275 445 2331 tamen
468 2267 614 2352 qtartum
638 2289 739 2352 genus
768 2268 852 2334 vitae
883 2269 993 2334 afferre
1015 2271 1098 2349 vult,
1129 2272 1186 2335 sed
1207 2271 1274 2336 vita

105 2377 294 2461 pecuniaria
316 2379 358 2442 ad
380 2376 439 2457 βίον
462 2371 677 2444 ἀπολαυστικόν
704 2381 853 2465 pertinet.
901 2382 999 2447 Quod
1020 2381 1102 2446 bene
1126 2383 1274 2466 exposuit

105 2489 356 2574 Paraphrastes:
393 2485 454 2556 ἔστι
483 2489 514 2555 δὲ
537 2487 586 2556 καὶ
615 2475 702 2570 ἄλλος
730 2489 790 2572 βίος
814 2493 839 2557 ἐν
869 2485 964 2570 αὐτοῖς
993 2486 1184 2578 θεωρούμενος
1214 2498 1272 2571 τοῖς

107 2601 280 2689 εἰρημένοις,
309 2594 400 2666 isaii
427 2601 622 2690 χρημοτικοῢ·
652 2599 701 2667 καὶ
723 2598 779 2688 γοΙρ
809 2599 859 2668 καὶ
882 2597 897 2668 ὃ
920 2597 969 2689 τὴν
987 2597 1085 2690 ἡδονὴν
1113 2600 1161 2669 uel
1185 2597 1199 2669 ὅ
1222 2599 1272 2690 τὴν

108 2708 194 2800 τιμὴν
227 2708 336 2779 διώκων
364 2709 506 2800 χρήματα
530 2715 817 2800 ἔθέλειουλλέγειν..
849 2716 996 2802 Sejunxit
1017 2727 1124 2781 autem
1147 2719 1271 2784 Aristo·

108 2828 192 2893 teles
212 2836 383 2913 quaestum
405 2837 439 2892 et
460 2828 583 2892 divitias
606 2829 813 2913 avoluptate,
837 2829 910 2914 quia
932 2829 1035 2894 adhuc
1058 2852 1163 2895 mrnus
1180 2855 1273 2918 quam

108 2941 263 3024 voluptas
285 2949 341 3004 aut
362 2941 465 3005 honor
488 2962 545 3024 pro
568 2939 717 3004 felicitate
739 2941 840 3025 accipi
861 2950 1008 3025 possunt,
1032 2963 1105 3006 eum
1121 2965 1187 3008 non
1210 2945 1275 3008 sint

108 3053 213 3131 fines,
243 3061 281 3116 ut
307 3051 472 3138 voluptas,
504 3053 560 3117 sed
586 3053 759 3138 voluptatis
788 3053 1010 3119 instrumenta.
1035 3091 1073 3104 -
1107 3049 1198 3133 βίαιός
1220 3059 1273 3137 τις)

108 3166 185 3232 Jam
209 3163 285 3228 inde
301 3163 344 3229 ab
356 3164 520 3230 Eush'atio
544 3163 650 3245 (βίαιον
667 3163 698 3228 di
718 3163 802 3248 λέγει,
827 3153 872 3230 ἔτι
884 3161 939 3231 ,καὶ
950 3164 1015 3246 βίον
1027 3161 1275 3250 ἔνδεῦιουτοιπρός

108 3271 143 3342 τὸ
165 3271 345 3361 κτήσασθαι
367 3269 402 3340 τὸ
424 3269 600 3364 ζητούμενον)
630 3279 695 3342 fere
719 3299 833 3342 omnes
855 3279 938 3343 male
960 3278 1158 3364 interpretati
1181 3290 1273 3344 sunt:

109 3395 269 3470 oiolenw,
293 3390 378 3475 quod
402 3390 450 3453 vir
472 3389 543 3454 talis
566 3390 674 3468 adea,
698 3412 780 3475 quae
802 3390 919 3474 cupiat,
943 3393 1167 3476 consequenda
1188 3393 1274 3457 hau-

110 3505 205 3583 dem,
242 3501 350 3566 dolum
378 3511 412 3566 et
440 3501 567 3586 rapinas
597 3499 749 3566 adhibere
776 3502 985 3566 consueverit.
1028 3503 1130 3570 Quasi
1152 3525 1217 3567 non
1242 3515 1276 3569 et
1333 3495 1336 3500 Δ

111 3617 182 3682 sine
218 3613 389 3700 injustitia,
428 3615 547 3682 nedum
582 3613 651 3679 sine
684 3613 732 3692 vi,
768 3613 894 3679 divitiae
922 3613 1052 3698 possint
1081 3617 1273 3699 comparari!

112 3726 295 3813 Giphaniua
317 3727 405 3790 solus
427 3736 514 3792 recte
536 3725 706 3810 explicavit
726 3725 820 3791 eitam
841 3729 1186 3806 mesenensem,
1210 3750 1275 3814 quo
1326 3723 1328 3726 ’

112 3864 214 3908 sensu
228 3837 416 3924 saepissime
430 3839 559 3904 vox-illa
578 3836 669 3919 βίαιος
691 3840 845 3904 aNostro
862 3838 1029 3923 accipitur:
1046 3839 1221 3924 ·Phys..1v,
1242 3841 1275 3920 8,
1376 3835 1379 3839 ⁸

111 3949 199 4041 ἡμὶν
222 3943 278 4036 γὰρ
304 3948 396 4031 βίαιος
421 3945 503 4034 nael
526 3944 612 4033 φύσιν
627 3949 712 4028 ἐστίν,
736 3951 822 4030 etv,
840 3951 878 4031 63
901 3952 996 4017 Polit.
1011 3951 1079 4031 Vll,
1098 3951 1149 4022 16.
1186 3953 1275 4019 Con-

112 4077 162 4134 tra
184 4073 334 4130 naturam
357 4073 464 4128 autem
488 4073 549 4143 est,
572 4063 605 4128 in
621 4063 738 4128 divitiis
760 4063 907 4128 ultimum
929 4085 1049 4149 ponere
1070 4067 1179 4145 finem,
1203 4067 1276 4150 quia

113 4181 243 4246 divitiae
258 4199 421 4262 nurrquam
439 4175 522 4255 finis,
546 4177 604 4242 sod
626 4197 755 4260 semper
775 4175 987 4246 instrumenta
1002 4179 1100 4242 modo
1123 4179 1163 4242 ad
1177 4178 1275 4243 finem

113 4309 188 4363 esse
208 4298 364 4373 possunt3
392 4298 504 4354 contra
525 4297 671 4353 naturam
693 4288 789 4373 igitur
810 4290 967 4374 ejusmodi
988 4290 1135 4355 homines
1158 4289 1275 4354 divitiis

112 4403 256 4481 utuntur,
280 4423 417 4486 suaeque
440 4410 572 4466 naturae
591 4401 657 4466 vim
677 4401 739 4484 ipsi
762 4401 907 4466 afferunt.
941 4401 1055 4467 Finem
1070 4402 1155 4467 enim
1171 4424 1274 4480 suum,

115 4503 197 4599 quae
219 4523 272 4579 est
292 4514 436 4599 ipsorum
458 4521 589 4593 natum,
619 4535 686 4578 non
706 4512 940 4598 adipiscuntur,
970 4515 1027 4579 sed
1055 4515 1088 4577 in
1115 4513 1274 4577 infinitum
