3064 5036
596 367 722 422 editionis
744 366 848 438 prioris.
1261 365 1300 418 xl

145 589 220 655 quoa
242 567 473 652 parentheseos
498 558 595 650 signis
623 565 765 632 inclusos
798 563 955 649 prioribus
985 563 1123 628 numeris
1151 585 1298 628 nonnun-

143 714 234 778 quam
257 689 444 776 adjecimus,
467 687 495 754 ai
516 687 607 754 locus
631 698 681 754 est
702 711 741 756 ex
766 689 908 773 Organo,
931 686 1110 752 Rhetoricis
1133 696 1167 752 et
1188 688 1299 754 Poeti-

143 815 196 894 cis,
219 813 408 881 Buhlianam
431 810 605 876 editionem
624 811 776 890 indicant,
799 811 826 876 si
849 833 888 876 ex
903 811 1056 889 Politicis,
1082 811 1300 878 Heinsianam.

229 938 314 1004 Cum
338 934 425 1020 prius
447 935 597 1001 volumen
620 942 742 998 textum
765 932 932 998 continens
950 935 1017 1018 jam
1035 943 1108 999 ante
1123 934 1183 1000 hos
1206 935 1299 1020 quin-

141 1081 200 1146 que
223 1078 329 1124 annos
352 1056 515 1142 prodierit,
538 1065 571 1122 et
594 1078 674 1141 quae
698 1059 765 1142 ejus
790 1055 980 1140 exemplaria
1003 1077 1060 1141 per
1082 1058 1143 1123 hoc
1172 1069 1302 1141 tempus

141 1183 284 1248 nondum
307 1180 470 1246 divendita
492 1179 618 1257 fuerint,
642 1181 683 1244 ad
711 1179 934 1265 aequalitatem
963 1179 1120 1263 quandam
1143 1203 1214 1245 cum
1238 1181 1302 1245 hoe

141 1306 238 1370 altero
261 1304 423 1368 volumine
445 1302 619 1388 bibliopola
637 1302 773 1368 voluerit
794 1303 954 1381 reducere,
978 1323 1096 1367 novum
1120 1276 1204 1366 anno
1228 1324 1298 1367 mu-

143 1437 208 1494 tato
232 1427 362 1492 titulum
382 1425 480 1510 priori
503 1425 657 1490 volumini
675 1435 713 1489 ut
735 1425 952 1510 praefigerem,
977 1425 1112 1510 rogavit.

230 1552 383 1618 Ceterum
406 1550 508 1615 lector
531 1550 558 1614 si
580 1551 739 1616 rationem
761 1549 930 1627 desiderat,
955 1571 1016 1634 qna
1043 1549 1075 1612 in
1099 1558 1209 1614 nostra
1231 1547 1302 1612 edi-

142 1677 227 1742 tione
250 1674 434 1740 adornanda
457 1673 506 1738 usi
530 1671 639 1749 simus,
663 1673 757 1738 nullis
787 1671 971 1756 ambagibus
1003 1695 1076 1738 eum
1107 1673 1147 1736 ad
1176 1671 1267 1755 praei
1284 1709 1300 1724 -

140 1800 261 1864 tionem
284 1796 397 1881 prioris
422 1794 590 1860 voluminis
606 1795 745 1874 remitto,
768 1795 825 1862 ubi
847 1795 934 1862 brevi
955 1796 1131 1881 expositam
1150 1793 1302 1860 inveniet.

142 1918 371 1986 commentarii
394 1919 525 1984 modurn
550 1929 582 1982 et
605 1919 759 1986 rationem
788 1920 1021 2004 significaturus
1044 1919 1121 1984 illud
1144 1917 1302 1984 hocloco

140 2045 233 2122 addo,
257 2063 308 2108 me
331 2045 540 2125 interpretum
564 2050 595 2106 et
618 2053 817 2108 vetustorum
840 2053 872 2107 et
888 2043 1062 2108 recentium
1079 2042 1301 2106 auctoritatem

140 2189 264 2232 samma
287 2185 359 2230 oum
384 2165 545 2248 diligentia
567 2165 756 2249 respexisse,
781 2175 813 2231 et
837 2166 1019 2249 exemplum
1039 2166 1133 2230 edere
1151 2162 1302 2239 voluisse,

140 2289 305 2376 quomodo
328 2313 346 2352 a
368 2287 559 2372 philosopho
582 2289 764 2373 philosophi
780 2288 958 2354 sententiae
977 2287 1115 2352 debeant
1141 2286 1303 2364 illustrari,

140 2437 211 2480 oum
243 2439 263 2480 a
292 2413 361 2478 solo
390 2413 583 2496 philosopho
614 2407 823 2496 philosophus
861 2411 965 2494 possit
994 2411 1122 2494 penitus
1157 2409 1303 2493 intelligi.

139 2537 366 2604 Recentiorum
393 2544 573 2619 temporum
601 2534 740 2619 plerique
769 2534 975 2618 interpretes,
1012 2531 1163 2616 philologi
1199 2531 1303 2615 magis

140 2683 234 2745 quam
259 2657 458 2744 philosophi,
495 2679 534 2722 ex
558 2657 626 2722 aliis
650 2658 738 2741 quasi
770 2656 882 2721 castris
906 2657 945 2722 ad
969 2655 1175 2720 Aristotelem
1198 2654 1300 2738 expli·

140 2783 277 2848 candum
302 2792 514 2846 accesserunt.
559 2783 610 2844 Ex
633 2802 695 2865 quo
719 2781 837 2845 factum
861 2789 920 2855 est,
943 2791 979 2844 ut
1001 2779 1175 2864 permultos
1198 2778 1302 2856 locos,

140 2927 261 2991 eosque
287 2905 326 2968 ad
355 2904 536 2988 philosophi
567 2925 695 2970 sensum
730 2899 954 2968 declarandum
990 2903 1210 2987 gravissimos,
1246 2913 1301 2966 aut

141 3028 273 3094 omnino
298 3027 567 3110 praetermiserint
590 3037 645 3092 aut
663 3027 778 3092 leviter
801 3026 971 3110 attigerint.
1013 3025 1106 3090 Etsi
1129 3027 1183 3109 qui
1204 3025 1302 3089 hodie

142 3151 331 3215 exstiterunt
346 3151 544 3233 interpretes,
559 3151 655 3234 quiin
675 3149 861 3214 illustrando
879 3147 1050 3214 Aristotele
1066 3147 1299 3232 philosophiam

142 3296 216 3338 oum
225 3273 396 3358 philologia
418 3295 453 3336 ae
477 3273 703 3355 conjuncturos
728 3293 799 3337 esse
818 3272 1050 3356 pollicerentur,
1068 3271 1091 3334 ii
1111 3270 1173 3355 ipsi
1192 3281 1299 3335 sectae

141 3396 267 3464 cuidam
280 3395 438 3479 singulari,
453 3393 630 3460 Kantianae
647 3396 734 3460 verbi
746 3418 852 3475 causa,
865 3397 991 3474 addicti,
1006 3394 1163 3481 ejusmodi
1175 3395 1299 3480 opinio·

141 3541 198 3586 nes
206 3517 377 3600 (utaiicubi
390 3539 408 3582 e
420 3518 648 3582 commentario
657 3541 728 3582 meo
736 3519 914 3604 apparebit)
922 3521 952 3584 in
965 3519 1168 3603 gravissimas
1176 3517 1300 3582 Aristo·

141 3641 212 3706 telis
236 3641 413 3706 sententias
437 3641 645 3721 intruserunt,
669 3663 741 3706 oum
758 3653 863 3710 tamen
886 3643 935 3721 iis,
960 3641 1013 3726 qui
1029 3663 1102 3706 vere
1118 3640 1302 3726 philosophi

142 3775 229 3842 sunt,
250 3765 313 3846 ipsi
335 3764 539 3849 exprobrent,
563 3785 620 3828 sua
643 3785 698 3828 eos
721 3766 898 3830 recentiora
924 3775 1065 3830 veterem
1094 3764 1127 3828 in
1157 3763 1300 3848 philoso-

141 3888 240 3970 phum
262 3886 419 3952 intrdisse.
465 3888 529 3952 Sed
552 3909 617 3952 non
645 3898 754 3972 potest
775 3887 963 3954 Aristoteles
986 3909 1090 3974 neque
1117 3887 1199 3952 ullus
1222 3885 1300 3952 alius

143 4019 351 4075 autveterum
371 4021 425 4074 aut
441 4011 650 4074 recentiorum
669 4011 932 4095 philosophorum
950 4034 988 4076 ex
1008 4011 1150 4096 singulae
1169 4009 1300 4096 alicujus

142 4131 362 4215 philosophiae
371 4132 544 4217 principiis,
552 4135 668 4198 nedum
677 4133 813 4212 criticae,
827 4135 974 4219 perspici,
986 4156 1065 4218 quae
1078 4133 1215 4219 quidem,
1225 4133 1301 4218 quid

142 4255 174 4320 in
187 4255 388 4321 obscurando
395 4256 567 4321 Aristotele
576 4258 689 4340 possit,
703 4259 912 4324 Tenrremanii
922 4259 1051 4344 ejusque
1059 4257 1299 4342 omnigenorum

145 4379 314 4446 satellitum
339 4382 483 4464 exemplo
507 4381 653 4448 vidimus.
