3064 5036
493 344 567 400 nias
587 345 606 398 1.
649 345 715 416 cap.
737 345 761 398 ν
783 344 851 412 (111).
1204 339 1254 413 29
1328 371 1330 375 ,

114 560 203 640 κοινῶς,
225 554 259 640 ὡς
283 557 364 646 τύπῳ
388 585 413 628 s.
436 559 595 645 παγμνλῶς,
620 558 767 644 ἐπιπολῆς,
791 553 899 637 aaut„
924 553 1096 643 ὁλοσχερῶς,
1119 555 1196 624 narei
1219 556 1253 624 τό

114 669 173 752 εἰκός
188 697 212 738 e.
228 673 365 752 πιθανῶς,
388 667 465 738 acroi
489 669 599 760 νόμον.“
632 673 682 738 Cf.
698 672 791 736 Buhl.
808 672 872 756 Op.
889 673 986 738 Arist.
1000 673 1023 756 1,
1047 695 1078 757 p.
1097 671 1254 753 142-144,

114 795 140 850 et
163 795 285 865 notam,
315 785 369 850 ubi
397 786 460 850 loci
489 784 670 850 Aristotelis
701 783 845 849 citantur.
898 785 1111 849 Nihilominus
1140 783 1255 850 Ethica

113 919 167 962 nen
189 897 352 964 exotericis
368 898 547 964 Aristotelis
570 897 656 962 libris
669 897 879 980 ,annumerari
897 907 1049 982 possunt3
1073 897 1150 960 citat
1170 897 1254 962 enim

113 1009 231 1093 inipsis
260 1011 383 1078 Ethicis
418 1010 583 1094 aliquoties
612 1002 713 1092 λόγους
745 1003 935 1092 gravanola
986 1008 1056 1074 Nec
1090 1011 1183 1094 plane
1214 1011 1254 1074 de

115 1121 167 1186 suis
187 1121 271 1188 libris
295 1123 415 1207 cogitat
436 1123 642 1202 Aristotele8‚
672 1115 772 1204 λόγους
803 1115 982 1204 ἔξωτερικούς
1015 1122 1067 1186 vel
1096 1120 1255 1205 ἐγκυκλίους

114 1234 246 1318 allegans.
306 1235 362 1300 llla
395 1235 480 1299 enim
514 1233 689 1300 differentia
728 1254 824 1318 supra
858 1233 1002 1317 exposita
1035 1234 1123 1298 intra·
1151 1235 1255 1318 ipsam

114 1355 202 1412 exstat
229 1347 474 1431 philosophiam.
502 1335 585 1412 'Sed
617 1355 692 1412 sunt
719 1355 883 1430 practerea
910 1367 950 1410 ex
978 1346 1023 1410 rei
1052 1357 1165 1411 natura
1192 1348 1256 1411 duo

113 1459 186 1522 modi
207 1459 357 1524 scientias
380 1459 533 1525 docendi:
558 1459 638 1523 alter
659 1458 932 1542 philosophorum,
956 1458 1010 1543 qui
1031 1481 1157 1524 summa
1179 1459 1255 1524 sub-

114 1570 211 1636 tilitate
232 1593 339 1637 rerum
364 1593 475 1636 causas
504 1570 694 1655 investigare
723 1572 870 1649 student,
900 1580 1038 1655 atquae
1068 1572 1257 1638 invenerunt

114 1682 166 1746 suis
187 1684 311 1750 selectis
335 1684 496 1770 discipulis
518 1683 648 1748 tradunt
655 1709 664 1762 ;
695 1683 774 1748 alter
795 1694 1055 1768 praeceptorum,
1079 1684 1132 1768 qni
1154 1693 1256 1748 totam

108 1795 293 1877 juventatem
327 1795 507 1862 liberalibus
542 1793 661 1860 artibus
698 1805 732 1860 et
765 1796 905 1862 scientiis
940 1797 1103 1874 imbuunt,
1143 1795 1256 1880 quibus

112 1917 185 1972 aetas
205 1907 336 1994 puerilis
358 1907 480 1972 institui
504 1908 595 1972 solat.
633 1907 839 1992 Philosophia
854 1909 1036 1974 Aristotelis
1059 1907 1256 1990 temporibus

112 2019 223 2104 reliquis
246 2045 265 2086 a
290 2019 433 2086 scientiis
460 2019 603 2086 nondum
619 2019 888 2104 distinguebatur3
912 2018 1118 2104 quamobrem
1141 2019 1163 2084 ii
1185 2019 1256 2103 ipsi,

113 2132 156 2214 qui
174 2134 300 2218 proprie
322 2132 503 2218 philosophi
524 2153 628 2216 neque
652 2141 742 2196 erant
763 2153 867 2217 neque
889 2131 958 2196 fieri
981 2131 1162 2216 cupiebant,
1185 2133 1256 2217 pbi-

111 2241 274 2330 losopbicas
307 2243 455 2308 materias
478 2243 691 2323 docebantur,
723 2245 781 2310 scd
804 2244 893 2310 aliter
923 2268 960 2310 ac
982 2243 1257 2329 philosophantes,

112 2377 211 2442 nempe
233 2380 272 2424 ec
299 2356 407 2433 modo,
429 2379 492 2442 quo
507 2357 590 2442 vulgi
612 2355 739 2420 auribus
761 2365 795 2420 et
808 2356 982 2421 intellectui
997 2357 1257 2421 accommodatae

113 2479 197 2534 eruit.
241 2471 319 2534 Illae
343 2468 508 2548 scientiae,
532 2467 645 2553 quibus
670 2489 781 2532 omnes
805 2468 920 2532 Graeci
941 2466 1181 2545 imbuebantur,
1204 2467 1258 2552 qui

113 2581 315 2670 πεπαιδευμένοι
338 2603 410 2646 esse
431 2581 567 2659 vellent,
598 2578 842 2644 nominabantur
863 2572 944 2663 λόγοι
968 2577 1143 2663 ἐξωτερικοί,
1173 2574 1257 2662 ἐγκό-

113 2698 191 2770 νλιοι,
219 2694 244 2760 ἐν
265 2691 353 2777 κοινῷ
380 2687 533 2779 γενόμενοι,
564 2691 755 2777 ἐκδεδομένα,
785 2684 824 2756 τοὶ
848 2686 901 2776 ἔξω
929 2685 1113 2778 μαθήματα,
1144 2691 1258 2778 quibus

114 2816 306 2888 opponuntur
339 2799 421 2889 λόγοι
454 2798 544 2872 narri-
567 2802 753 2886 φιλοσοφίαν.
809 2799 919 2888 Λόγους
953 2798 1133 2888 ἔξωοερικοός
1165 2804 1259 2889 igitur

112 2936 277 2984 memorans
301 2917 489 2982 Aristoteles
517 2925 671 3002 provocat
691 2917 731 2982 ad
753 2915 822 2982 illas
847 2917 995 2986 scientias
1022 2917 1090 2982 sive
1112 2917 1259 2982 notiones

113 3047 286 3096 communes
318 3022 420 3113 (κοινός
448 3027 578 3111 ἐννοίας),
612 3049 693 3114 quae
722 3029 869 3094 omnibns
899 3028 1128 3114 πεπαιδευμένοις
1162 3038 1258 3094 notae

113 3150 186 3221 suna,
208 3163 352 3228 quasque
373 3141 407 3204 in
429 3139 600 3206 lectoribus
624 3150 679 3206 aut
701 3140 894 3206 auditoribus
919 3141 984 3208 suis
1000 3141 1162 3226 supponit,
1186 3163 1259 3206 cum

112 3271 170 3316 rem
189 3255 339 3322 hocloco
355 3253 500 3320 subtilius
517 3263 550 3318 et
565 3253 740 3320 accuratius
759 3254 966 3339 perpendere,
990 3273 1259 3338 supervacaneum

113 3361 163 3428 sibi
181 3367 336 3433 videatur.
374 3367 499 3432 anus
522 3387 592 3432 eam
615 3365 909 3450 interpretationem
923 3365 1090 3451 proposuit
1104 3366 1261 3430 Melchior

112 3474 224 3544 Zeidler
247 3481 301 3564 (ad
324 3480 400 3544 Eth.
422 3478 496 3544 Nic.
520 3477 544 3558 l,
567 3501 595 3542 c.
622 3476 674 3556 13,
697 3500 730 3562 p.
754 3476 828 3562 ⁵fil=
852 3479 946 3562 „Ego
968 3467 1045 3543 vero
1070 3477 1262 3562 interpretor

113 3585 282 3673 ἓξυοερικοδς
304 3585 404 3675 λόγους
434 3612 586 3656 sermones
608 3595 887 3656 commerciales
916 3593 1047 3655 mecum
1076 3591 1114 3654 ab
1135 3593 1261 3654 Ιιυινιίιιί-

112 3698 157 3763 lts
176 3707 281 3770 haberi
303 3705 440 3770 soliha“
483 3704 553 3769 Nee
575 3710 714 3786 possunt
740 3694 822 3785 λόγοι
845 3698 1010 3784 ἔξωτερικοί
1035 3700 1118 3770 aliud
1141 3699 1260 3786 signifi-

114 3831 174 3878 care
195 3817 279 3901 apud
291 3815 508 3894 Aristotelem,
533 3816 560 3878 si
582 3815 633 3880 vel
654 3836 774 3900 paucos
797 3814 896 3892 locos,
920 3813 953 3878 in
976 3811 1090 3898 quibus
1113 3813 1260 3893 citantur,

113 3927 309 3994 consuamus.
334 3928 400 3992 Sua
423 3927 540 4011 scripta
561 3927 751 3992 Aristoteles
774 3947 900 4011 semper
922 3935 1067 4010 tempore
1089 3925 1260 4010 praeterito

115 4035 183 4116 (sive
201 4040 400 4126 imperfecta
423 4039 489 4104 sive
512 4038 641 4119 aoristo,
666 4039 733 4104 sive
747 4039 901 4124 perfecto)
927 4038 1051 4122 allegat,
1074 4048 1110 4103 ut
1124 4037 1260 4116 ininvl,

114 4168 137 4210 0·
158 4149 194 4230 3,
218 4153 247 4237 b.
271 4154 302 4222 3.
334 4152 359 4216 ἐν
382 4155 441 4230 τοῖς
460 4145 654 4228 Ἀναλυτικοῒς
678 4150 822 4235 ἐλέγομενι
854 4150 936 4215 Met.
960 4149 992 4228 1,
1018 4151 1054 4228 1,
1077 4146 1190 4234 εἴρηται
1211 4147 1262 4234 μὲν

115 4250 154 4324 civ
176 4263 200 4328 ἐν
222 4269 280 4343 τοῖς
303 4257 431 4350 ἠὲοιοῒςι
466 4264 519 4327 Dc
543 4263 643 4328 Coelo
666 4262 695 4341 l,
720 4261 759 4341 6,
783 4262 809 4326 ἐν
831 4267 889 4340 τοῖς
911 4258 977 4346 περὶ
999 4255 1050 4340 τοῖς
1073 4254 1168 4344 οἲρχοὶς
1192 4264 1262 4325 διω-

115 4369 212 4459 picta:
247 4376 340 4442 Polie.
363 4375 408 4456 ll,
433 4376 456 4440 2
478 4374 520 4460 (1)
546 4374 571 4439 ἐν
593 4377 651 4452 τοῖς
674 4368 787 4459 ἠθικοῖς
815 4369 937 4458 εἴρηται.
981 4371 1072 4458 Λόγοι
1103 4369 1267 4456 ἔξωτερυιοί

115 4499 183 4550 vtro
204 4487 388 4574 plerumque
407 4497 555 4573 tempora
577 4487 738 4572 praesenti
761 4485 897 4552 citantur
903 4532 914 4565 ,
946 4485 1017 4550 infr.
1041 4507 1069 4550 c.
1095 4483 1155 4562 13,
1179 4483 1207 4566 δ.
1229 4479 1260 4547 9.
