3064 5036
219 350 336 410 XXXVI
628 345 794 420 Conspectus
821 345 885 402 libri
904 344 963 404 VII.

359 576 405 611 aa.
427 549 592 621 improbatio
612 551 715 622 primae
736 550 879 620 opinionis.
907 549 945 603 Ut
971 548 1043 604 bona
1070 549 1108 602 ita
1135 549 1284 620 voluptates
1311 547 1379 600 alias

426 649 484 686 esse
506 649 538 684 ex
558 639 654 686 eventu
675 630 817 701 optabiles,
837 647 934 700 nempe
954 637 1087 701 quotquot
1100 646 1161 684 cum
1181 628 1272 681 dolore
1287 628 1379 698 aliquo

427 710 584 779 conjunctae
606 713 752 772 curationis
773 728 855 764 eausa
876 709 1035 764 adhibentur
1055 727 1174 781 quaeque
1189 711 1216 762 iu
1231 710 1380 761 naturalem

426 792 550 845 habitum
569 793 723 846 restituunt:
745 793 810 844 alias
825 808 872 861 per
892 806 920 844 se
942 789 1140 858 essejucundas
1155 790 1289 852 athenas,
1309 805 1380 859 quae

423 875 497 926 solae
519 879 581 925 sunt
601 889 677 926 serae
698 873 863 942 voluptates,
890 888 951 925 cum
978 869 1104 925 omnibus
1130 872 1185 924 sint
1209 870 1326 924 eaedem.
1354 870 1380 936 §.

357 1045 405 1105 βρ.
426 1030 596 1102 improbatur
621 1031 699 1083 tertie
728 1031 820 1100 opinio
841 1037 869 1084 et
895 1031 981 1101 prima
1006 1032 1074 1084 ratio
1108 1033 1217 1102 primae
1243 1029 1381 1099 opinionis

427 1116 463 1180 (e.
486 1106 532 1176 ii,
553 1113 576 1179 ξ.
597 1105 625 1175 ti,
652 1111 669 1164 1.
693 1103 794 1184 1-4).
815 1110 877 1164 Non
898 1127 1006 1165 necesse
1030 1129 1089 1165 esse
1114 1114 1249 1182 voluptate
1277 1107 1381 1180 aliquid

424 1192 610 1264 praestabilius
630 1207 698 1256 esse,
718 1206 779 1244 eum
799 1192 949 1260 voluptates
969 1209 1025 1244 non
1045 1193 1099 1245 siut
1118 1199 1202 1258 ortus,
1221 1191 1267 1245 sed
1284 1208 1380 1260 opera-

424 1276 522 1336 tiones,
541 1288 652 1342 quarum
672 1287 728 1324 non
744 1272 864 1324 omnium
880 1273 947 1325 fines
966 1279 1029 1325 sunt
1046 1271 1079 1324 ab
1096 1274 1162 1343 ipsis
1180 1273 1285 1326 diuersi.
1304 1272 1326 1337 ὁ.
1349 1264 1379 1326 3.

358 1380 409 1424 w.
430 1351 595 1424 improbatio
623 1350 754 1404 secundae
782 1352 925 1420 opinionis.
958 1351 1032 1405 Nihil
1063 1354 1169 1423 assequi
1196 1354 1242 1423 qui
1277 1351 1379 1414 dieunt,

426 1433 555 1503 quasdem
575 1432 726 1501 voluptates
746 1449 805 1486 esse
825 1449 921 1501 pravas
942 1439 969 1486 et
988 1431 1142 1497 damnosos,
1163 1451 1224 1486 cum
1245 1439 1271 1485 et
1284 1449 1330 1503 per
1348 1448 1379 1484 se

424 1512 543 1581 jucunda
563 1519 590 1565 et
610 1511 683 1564 bona
703 1511 830 1564 damnum
850 1513 955 1581 possint
974 1512 1077 1566 inferre.
1099 1515 1122 1580 §.
1144 1509 1171 1568 4.

318 1606 345 1666 β.
366 1593 556 1662 improbantur
575 1593 692 1662 reliquae
711 1594 829 1662 quinque
845 1593 945 1662 primae
960 1593 1096 1662 opinionis
1111 1595 1236 1646 rationes.
1251 1593 1273 1658 §.
1289 1585 1378 1646 5-7.

359 1699 406 1732 aa.
426 1672 596 1744 improbatur
615 1679 710 1742 quarta
730 1674 807 1725 ratio.
828 1672 1000 1725 Prudentiam
1020 1681 1047 1726 et
1067 1690 1173 1726 omnem
1187 1671 1309 1726 habitum
1328 1689 1380 1724 sua

425 1755 561 1824 voluptate
582 1751 709 1820 adjuvari,
729 1752 852 1820 impediri
873 1754 968 1806 aliena.
989 1754 1012 1819 §.
1035 1749 1063 1808 5.

356 1845 404 1906 ββ.
425 1833 595 1904 improbatur
616 1833 710 1902 quinta
730 1833 808 1886 ratio.
829 1831 936 1886 Nullius
951 1833 1115 1902 operationis
1136 1839 1220 1886 artem
1241 1849 1307 1894 esse,
1328 1831 1378 1885 sed

425 1913 559 1966 facultatis
579 1913 686 1982 potius3
715 1913 920 1981 unguentariam
950 1919 1040 1968 tamen
1066 1919 1093 1968 et
1120 1913 1275 1966 culinariam
1303 1913 1378 1965 volu-

426 1995 509 2064 ptatis
530 2009 588 2046 esse
610 1998 680 2046 artes
700 1992 793 2046 videri.
814 1994 836 2060 §.
859 1986 886 2048 6.

358 2098 409 2143 pp.
423 2073 613 2144 improbantur
633 2073 759 2138 secunde,
780 2073 859 2126 tertia
878 2079 906 2126 et
926 2079 1001 2128 sexta
1028 2074 1105 2126 ratio.
1134 2072 1293 2142 Voluptates
1320 2090 1377 2126 non

425 2155 530 2208 nisiex
551 2160 646 2206 eventu
671 2152 757 2206 bonas
784 2155 871 2224 (quae
892 2152 925 2206 ed
950 2171 1047 2224 corpus
1067 2153 1219 2224 pertinent)
1247 2154 1338 2222 quaeri
1360 2172 1377 2206 a

425 2234 514 2303 pueris
535 2240 562 2286 et
581 2233 684 2298 bestiis,
704 2233 764 2303 fugi
785 2251 801 2286 a
821 2239 983 2303 temperante
1004 2241 1032 2287 et
1050 2233 1190 2303 prudente.
1210 2235 1233 2300 ξ.
1256 2229 1283 2287 7.
1378 2267 1381 2270 -

287 2332 309 2368 c.
332 2312 443 2381 Caput
463 2315 609 2367 tertium
630 2313 813 2367 decimum:
834 2313 857 2365 E
879 2315 1046 2383 voluptatum
1066 2312 1206 2383 speciebus
1228 2331 1308 2365 unam
1329 2329 1376 2365 vo·

329 2396 459 2464 luptatem
480 2411 538 2447 esse
560 2411 693 2447 summum
714 2391 830 2458 bonum;
852 2393 889 2459 id,
911 2393 984 2464 quod
1004 2395 1083 2448 tertia
1110 2395 1202 2462 opinio
1223 2399 1374 2462 negaverat.

317 2499 343 2533 a.
364 2475 468 2528 Primae
490 2475 626 2546 opinionis
647 2473 773 2528 refutatio
795 2474 882 2528 denuo
911 2475 1037 2544 tangitur.
1058 2474 1231 2544 Voluptatem
1247 2491 1305 2527 esse
1326 2473 1375 2528 bo-

366 2573 440 2620 num,
462 2557 525 2626 quia
545 2554 623 2609 dolor
642 2557 667 2608 ei
688 2556 829 2626 oppositus
851 2556 886 2608 sit
906 2557 1013 2608 malum.
1035 2555 1057 2621 §.
1081 2547 1107 2608 1.

316 2647 344 2706 β.
366 2634 495 2695 Quamvis
515 2638 613 2688 multae
641 2637 790 2704 voluptates
816 2636 870 2688 sint
895 2633 1111 2706 praraelquod
1136 2633 1254 2702 secunda
1281 2634 1373 2703 opinio

366 2716 528 2785 proposuit),
549 2721 639 2768 tamen
659 2730 714 2767 non
735 2713 891 2783 impeditum
912 2713 1086 2766 beatitudiuis
1113 2716 1295 2784 operationem
1315 2731 1373 2767 esse

366 2796 539 2864 voluptatem,
560 2811 628 2864 quae
649 2811 755 2846 summo
777 2793 849 2848 bono
870 2795 1029 2847 continetur.
1051 2794 1074 2860 §.
1095 2787 1182 2848 2-4.

316 2903 345 2948 7.
366 2873 436 2926 Cum
457 2875 548 2927 omnia
568 2875 714 2926 animantia
733 2875 906 2944 voluptatem,
927 2875 977 2927 etsi
989 2873 1130 2938 diversam,
1148 2880 1273 2944 tanquam
1293 2873 1373 2925 finem

366 2953 453 3024 (quod
472 2953 581 3022 negavit
599 2955 678 3007 tertia
698 2955 804 3024 opinio)
821 2960 962 3021 sectentur,
982 2955 1063 3008 finem
1083 2954 1224 3020 bonorum,
1245 2953 1278 3006 ad
1294 2971 1372 3023 quem

365 3034 486 3105 quamvis
506 3034 584 3086 inscii
605 3051 697 3089 omnes
719 3034 830 3088 forsitan
851 3033 971 3098 tendunt,
993 3037 1050 3089 siue
1071 3036 1207 3105 voluptate
1232 3051 1289 3087 esse
1316 3049 1371 3086 non

365 3131 453 3184 posse.
476 3117 501 3179 S.
523 3109 610 3169 5-7.

287 3197 312 3251 d.
333 3196 445 3266 Caput
466 3201 626 3264 quartum
647 3191 828 3246 decimum:
848 3194 890 3247 De
911 3196 1031 3264 corporis
1055 3194 1247 3265 voluptatibus,
1269 3195 1372 3247 ratione

328 3275 422 3329 habita
441 3274 613 3344 potissimum
634 3273 765 3328 secundae
789 3275 934 3344 opinionis.

315 3383 342 3416 a.
364 3354 433 3409 Cum
454 3355 542 3408 omnis
563 3353 639 3407 dolor
660 3355 695 3407 sit
715 3355 814 3408 malum
835 3361 862 3408 et
882 3355 943 3408 iude
965 3361 1100 3426 sequatur,
1123 3370 1229 3408 omnem
1252 3355 1373 3423 volupta-

364 3442 497 3488 temesae
521 3433 637 3499 bonum,
665 3435 839 3505 proponitur,
868 3436 988 3505 corporis
1015 3442 1104 3488 tamen
1133 3437 1284 3505 voluptates
1310 3433 1372 3486 ideo

363 3521 468 3568 tantum
488 3513 573 3567 bonas
594 3532 651 3568 esse
672 3514 746 3586 quod
765 3520 861 3584 parant
881 3515 1029 3570 absentiam
1050 3516 1128 3580 mali,
1156 3523 1190 3580 et,
1212 3531 1373 3585 quamquam

363 3595 447 3728 malpe
472 3594 580 3666 quidem
599 3613 656 3649 non
676 3596 760 3666 ipsae,
780 3595 877 3648 nimias
904 3603 993 3648 tamen
1020 3612 1124 3665 semper
1143 3593 1284 3664 fugiendas
1305 3611 1373 3648 esse.

313 3765 341 3823 β.
360 3676 539 3823 {inponuntur
558 3755 686 3817 rationes,
707 3770 755 3806 cur
774 3755 926 3824 voluptates
946 3756 1067 3824 corporis
1096 3756 1182 3825 magis
1210 3753 1373 3825 expetendae

364 3835 504 3888 videantur
525 3835 620 3890 ceteris
641 3833 831 3903 voluptatibus.
853 3835 876 3901 ὁ.
898 3828 981 3891 3-6.

354 3939 400 3973 aa.
420 3915 593 3986 Voluptatem
613 3914 724 3966 nimiam
744 3921 771 3967 et
791 3931 858 3984 quae
880 3921 920 3967 est
949 3915 1068 3985 corporis
1094 3916 1226 3970 discutere
1252 3913 1374 3968 dolorem

421 4001 447 4048 et
467 3994 635 4048 immoderati
656 3992 756 4046 doloris
778 3995 943 4070 curationem
973 4012 1039 4061 esse,
1060 4003 1220 4050 nontamen
1240 3994 1301 4048 ideo
1322 3994 1373 4048 bas

419 4077 570 4144 voluptates
590 4090 680 4126 revera
700 4089 759 4126 esse
779 4072 874 4138 bonas,
895 4076 993 4144 partim
1014 4076 1077 4146 quie
1103 4083 1166 4130 sunt
1186 4077 1304 4130 actiones
1325 4092 1374 4128 na·

423 4161 498 4208 turae
519 4156 641 4217 vitiosae,
661 4154 759 4222 partim
780 4154 843 4224 quia
863 4156 965 4208 curatio
985 4152 1043 4223 ejus
1072 4165 1112 4210 est
1139 4158 1213 4228 quod
1239 4154 1375 4210 desideret

421 4251 509 4304 neque
529 4233 621 4286 habet.
641 4232 664 4298 ξ.
686 4226 770 4288 3-4.

353 4325 400 4384 pp.
422 4313 524 4374 Quaeri
545 4312 594 4365 has
614 4313 765 4381 voluptates
787 4308 874 4376 abiis,
894 4313 994 4384 quibus
1015 4316 1081 4370 aliae
1103 4315 1294 4369 oblectationes
1314 4331 1372 4369 uon

418 4399 572 4463 suppetunt,
593 4391 692 4463 quique
712 4390 852 4446 laboribus
875 4394 1055 4464 indigentiaee
1082 4394 1221 4464 defatigati
1248 4396 1371 4463 volupta-

420 4480 460 4527 tes
481 4472 629 4529 eonseotari
648 4479 781 4543 coguntur
801 4490 833 4529 ex
853 4483 951 4531 eventu
970 4481 1074 4533 tautum
1094 4474 1188 4530 bonas.
1209 4476 1233 4544 ς.
1254 4468 1338 4530 5-6.
