3064 5036
690 324 859 398 eonspectae
878 323 940 380 libri
959 325 994 382 X.

468 551 514 585 aaa.
534 524 624 580 Prima
643 527 722 582 ratio.
742 527 907 584 Felicitatem
928 529 1111 584 activamesse
1124 527 1277 594 humanam,
1298 532 1419 582 contem-

529 608 656 676 plativam
676 625 739 662 reru
761 607 886 662 divinam.
909 612 934 674 S.
958 602 1043 665 1-3.

467 698 514 758 ββ.
536 686 659 740 Secunda
679 689 757 743 ratio.
787 687 1050 760 Contemplationem
1080 695 1248 744 externorum
1282 686 1420 742 bonorum
1515 711 1516 716 ¹

533 769 611 837 copia
636 785 731 838 parum
759 769 904 824 admodum
937 777 983 822 aut
1007 768 1096 822 minus
1123 786 1215 840 egere,
1250 785 1330 840 qnam
1359 785 1420 823 eam

530 846 723 902 beatitudinem
744 866 813 919 quac
833 849 954 904 moribus
976 849 1135 903 continetur.
1157 852 1184 914 §-
1207 844 1296 905 4-6.

470 953 520 998 w·
532 927 622 980 Tertia
643 930 720 981 ratio.
742 928 816 984 Deos
838 932 896 984 sola
913 929 1087 994 beatitudine,
1109 947 1175 1000 quac
1196 929 1223 984 in
1244 948 1332 984 rerum
1354 945 1421 982 con-

531 1007 704 1079 templatione
725 1012 815 1080 posita
835 1018 884 1075 est,
905 1010 965 1078 frui,
993 1009 1138 1065 secundum
1166 1008 1275 1066 virtutes
1303 1011 1421 1064 morales

532 1105 588 1142 non
609 1089 722 1160 operari.
743 1091 766 1158 t.
788 1085 815 1146 7.

468 1163 511 1227 bl.
534 1168 637 1229 Quarta
657 1169 734 1224 ratio,
756 1169 931 1236 Animalibus,
953 1189 1019 1242 quae
1047 1169 1180 1234 felicitatis
1202 1177 1266 1238 sunt
1292 1169 1421 1242 expertia,

548 1249 633 1302 cuitus
654 1251 755 1302 nullam
776 1269 833 1304 esse
855 1260 961 1305 contem
981 1251 1026 1304 lati
1046 1251 1088 1305 nis
1109 1252 1255 1305 communit
1274 1259 1336 1306 tm.
1372 1291 1377 1304 .
1415 1291 1421 1304 .

361 1342 388 1402 β,
411 1328 487 1399 Opus
508 1267 566 1382 aspie
587 1329 690 1382 homini
712 1330 745 1382 ad
767 1271 1097 1386 beatitudinempextirnis
1118 1349 1224 1403 quoquc
1253 1269 1333 1385 bobis
1353 1244 1423 1384 §coi-

412 1409 485 1480 poris
507 1418 533 1462 et
553 1409 674 1462 fortunae
696 1428 743 1463 ceu
758 1410 889 1478 adjunctis
904 1412 1062 1482 quibusdam
1077 1419 1103 1465 et
1116 1412 1263 1482 praesidiis.
1274 1414 1297 1479 ξ.
1309 1405 1421 1466 9-14.

471 1515 517 1548 aa.
539 1490 622 1543 Posse
637 1507 857 1561 unumquemque,
878 1491 958 1545 bonis
969 1491 1147 1545 mediocribus
1162 1495 1330 1556 instructum,
1352 1508 1422 1564 quae

536 1569 626 1622 virtuti
647 1577 826 1626 consentanea
847 1579 908 1624 sunt
930 1572 1121 1626 administrare.
1144 1574 1168 1640 §.
1192 1566 1238 1627 10.

470 1661 517 1720 pp.
539 1648 729 1708 confirmatur,
747 1650 798 1704 hoc
820 1651 926 1706 Solonis
948 1660 975 1706 et
1000 1655 1172 1722 Anaxagorae
1199 1651 1277 1706 dictis
1305 1652 1420 1722 ipsaque

535 1728 706 1799 experientia.
730 1732 756 1794 δ.
780 1725 904 1788 11-13.

471 1808 602 1880 yy.Cum
629 1808 734 1878 sapiens
755 1809 813 1864 Diis
835 1811 870 1864 sit
895 1811 1063 1876 carissimus,
1090 1819 1185 1884 utpote
1205 1829 1296 1864 curam
1316 1809 1422 1864 habens
1482 1816 1484 1834 ¹

534 1906 636 1952 eornm,
656 1907 724 1960 quae
744 1889 809 1960 ipsis
826 1909 887 1946 cera
907 1900 979 1957 sunt,
1000 1893 1073 1948 Deos
1094 1893 1207 1962 gratiam
1228 1891 1252 1946 ei
1274 1889 1373 1946 referre
1395 1897 1423 1946 et
1515 1885 1516 1906 ¹

535 1967 670 2022 beneficiis
692 1986 794 2027 ornare.
817 1972 839 2040 ᾧ.
866 1965 909 2027 ff.

306 2045 333 2109 3.
353 2049 498 2120 Epilogus:
521 2048 633 2120 Caput
653 2067 790 2104 nonum.

335 2149 358 2184 u.
381 2129 454 2191 Quid
474 2130 578 2182 valeant
598 2130 710 2182 moralia
729 2137 870 2200 praecepta
891 2129 925 2182 ed
946 2129 1107 2200 gignendam
1133 2128 1265 2183 virtutem.
1281 2129 1310 2196 ·§.
1333 2122 1421 2184 1-9.
1515 2141 1516 2148 ’

365 2235 392 2268 a.
414 2209 475 2262 Non
496 2208 561 2262 satis
581 2226 637 2262 csse
659 2226 818 2279 cognoscere
839 2209 905 2264 haec
924 2219 1074 2280 praecepta,
1096 2209 1142 2264 aed
1163 2216 1287 2280 oportere
1305 2208 1424 2264 deduca-

415 2307 474 2342 mus
495 2288 523 2342 in
544 2296 632 2342 notum
653 2297 680 2342 et
700 2307 880 2361 exsequamur.
903 2293 928 2354 S.
952 2285 1037 2346 1-2,

324 2423 332 2436 ,
364 2382 392 2443 β.
412 2371 570 2424 Doctrinam
592 2375 618 2422 et
637 2379 758 2424 naturam
781 2372 851 2423 solas
872 2387 927 2423 non
953 2369 1080 2424 sufficere>
1102 2370 1136 2422 ad
1167 2367 1316 2422 bonitatem
1343 2367 1426 2422 virtu-

417 2457 521 2522 temque
542 2450 757 2522 comparandam.
779 2452 802 2518 ξ.
824 2444 910 2508 3-5.

367 2558 395 2602 γ.
418 2532 549 2602 Oportere
569 2532 658 2599 legum
678 2533 705 2584 vi
727 2530 848 2585 honestis
870 2529 965 2585 officiis
987 2531 1166 2584 assuefiamus.
1189 2530 1214 2594 S.
1230 2520 1323 2584 ’6-9.

337 2613 361 2666 b.
382 2611 548 2666 Educatione
569 2613 639 2664 cives
661 2612 695 2664 ad
718 2611 842 2664 virtutem
862 2611 1041 2664 instituendos
1062 2628 1129 2667 esse.
1151 2611 1174 2677 §.
1198 2601 1322 2664 10-14.

365 2717 393 2751 a.
416 2691 556 2760 Optimum
583 2708 660 2754 esse,
690 2690 786 2743 civium
811 2690 1008 2744 institutionem
1036 2688 1215 2744 communiter
1242 2687 1276 2740 ab
1298 2687 1424 2742 omnibus

418 2777 444 2823 et
465 2778 535 2824 recte
555 2768 700 2840 procurari.
722 2771 747 2837 t.
769 2764 814 2825 10.
834 2799 875 2810 -
894 2771 917 2838 §.
941 2764 1024 2834 11,1.
1046 2764 1074 2826 2.
1123 2773 1126 2784 ’

366 2863 394 2923 β.
415 2849 469 2903 Ubi
490 2849 613 2920 privatim
628 2857 717 2919 puter.
731 2851 786 2903 suis
807 2850 897 2904 liberis
925 2851 959 2903 ad
979 2851 1104 2904 virtutem
1125 2847 1331 2919 comparandam
1361 2865 1426 2918 ope·

418 2947 473 2983 ram
495 2935 581 2994 navat,
602 2931 691 2999 legum
713 2929 881 2984 ferendarum
904 2929 1043 2984 scientiam
1065 2929 1189 3001 consequi
1217 2927 1329 2995 debere,
1363 2931 1425 2983 cnm

417 3010 455 3064 ita
475 3010 581 3064 demum
602 3010 655 3063 hoo
677 3008 780 3065 efficere
801 3029 880 3081 posse
901 3011 1020 3066 videatur
1040 3009 1162 3065 maxime.
1184 3011 1208 3075 §.
1230 3002 1276 3063 11.

366 3116 396 3163 y.
418 3092 543 3162 Singulas
573 3099 599 3144 et
626 3089 742 3160 privatas
768 3090 952 3147 institutiones
983 3109 998 3143 a
1025 3089 1210 3144 communibus
1244 3106 1276 3142 eo
1311 3087 1425 3155 differre,

418 3173 490 3242 quod
510 3172 538 3225 in
559 3171 612 3225 illis
634 3170 741 3241 singulo
763 3170 886 3225 subtilior
906 3178 932 3225 et
958 3170 1074 3224 limatior
1103 3187 1165 3223 cura
1185 3167 1304 3222 adbiberi
1325 3176 1425 3239 potest,

417 3269 579 3324 quamquam
599 3250 700 3321 optime
722 3251 886 3321 singulorum
916 3267 1004 3305 curam
1024 3251 1206 3320 rationemque
1227 3247 1351 3312 habebit,
1380 3250 1426 3320 qui

418 3348 502 3400 genus
516 3332 672 3386 universum·
681 3331 845 3400 cognoverit,
860 3331 878 3384 i.
893 3349 915 3386 c.
931 3330 1069 3386 scientiam
1084 3328 1241 3400 possederit.
1256 3330 1279 3396 t.
1296 3321 1423 3384 12-14.

338 3428 360 3464 o.
381 3410 458 3464 Unde
485 3421 511 3466 et
538 3411 738 3483 quonammodo
769 3411 835 3465 haec
862 3411 974 3464 scientia
1008 3413 1098 3480 legum
1124 3409 1291 3470 ferendarum
1325 3407 1426 3480 acquiri

386 3491 482 3560 possit.
504 3493 527 3559 ξ.
550 3485 676 3548 15-22,

292 3581 294 3588 “
354 3595 394 3628 a.
418 3571 546 3633 Quamvis
573 3572 685 3625 facultas
713 3571 801 3639 legum
829 3569 996 3624 ferendarum
1024 3569 1149 3640 politicae
1175 3587 1237 3640 pars
1265 3567 1310 3636 sit,
1335 3576 1425 3622 tamen

422 3652 468 3722 qui
488 3655 516 3705 in
536 3650 673 3722 republica
693 3650 809 3719 gerenda
829 3655 975 3717 versantur,-
995 3649 1065 3704 hanc
1085 3650 1224 3706 scientiam
1251 3649 1346 3704 docere
1367 3666 1424 3702 non

418 3749 515 3802 posse,
542 3749 625 3804 quum
652 3728 814 3800 experientia
839 3729 929 3800 potius
957 3747 1037 3801 quam
1058 3729 1179 3784 doctrina
1205 3728 1277 3784 ducti
1297 3729 1325 3784 id
1346 3746 1424 3800 agere

418 3811 564 3866 videantur.
587 3813 609 3879 ξ.
633 3803 760 3866 15-16.
847 3854 855 3862 .

368 3902 396 3962 β.
419 3891 568 3962 sophistas,
589 3892 636 3962 qui
655 3891 724 3945 hano
744 3888 899 3956 facultatem
920 3907 947 3944 se
969 3889 1113 3945 tradituros
1134 3892 1309 3962 profitentur,
1337 3889 1371 3944 ab
1393 3906 1424 3944 eo

418 3971 573 4041 longissime
595 3971 700 4037 abesse,
722 3979 752 4024 ut
773 3970 868 4024 docere
888 3969 1010 4042 possint,
1038 3988 1098 4026 cum
1124 3989 1210 4042 neque
1238 3971 1303 4043 quid
1330 3989 1362 4026 ea
1391 3970 1426 4024 sit
1508 4043 1512 4051 K

317 4049 321 4062 ⁸
418 4069 504 4122 neque
524 4051 621 4124 quibus
642 4051 669 4104 in
690 4050 769 4106 rebus
790 4058 907 4105 versetur
929 4051 1021 4105 sciant.
1043 4053 1065 4119 §.
1089 4045 1215 4108 17-19.

370 4159 399 4203 γ.
422 4132 489 4185 Cum
510 4130 788 4203 veteres'pbilosophi
815 4133 902 4200 legum
930 4131 1096 4186 ferendarum
1123 4131 1255 4186 rationem
1279 4129 1426 4186 accuratius

423 4210 558 4282 exquirere
570 4211 803 4282 praetermiserint,
825 4213 858 4263 ab
872 4219 986 4277 auctore,
998 4211 1125 4282 politicen
1146 4230 1163 4264 a
1181 4227 1209 4266 se
1229 4211 1290 4282 ipso
1311 4218 1427 4264 tractan-

389 4343 391 4348 ,
422 4291 484 4343 dum
506 4309 563 4344 esse
583 4291 712 4360 pollicito,
733 4292 804 4344 illius
825 4289 922 4359 operis,
944 4291 977 4344 ad
998 4292 1070 4362 quod
1094 4293 1199 4357 transit,
1226 4290 1346 4345 ordinem
1367 4309 1425 4362 par·

418 4370 593 4441 titionemque
611 4371 731 4426 indicari.
753 4370 776 4436 §.
796 4363 923 4423 20-22.
1315 4373 1317 4380 ’
1392 4387 1400 4396 ·

749 4586 950 4598 —n—-n———n-0-
