3064 5036
212 363 263 418 Xll
728 363 870 417 Praelatio.

300 561 519 636 Aristotelem,
542 561 708 624 Platonem
739 569 772 624 et
800 583 1055 646 unumquemque
1087 560 1310 644 philosophum
1341 561 1367 624 is

211 687 338 749 demum
361 682 504 767 percipit,
529 683 581 767 qui
605 705 717 748 omnes
739 683 813 747 inde
837 707 855 747 a
875 683 1010 748 Thalete
1029 703 1122 746 veros
1137 703 1368 767 germanosque

211 807 420 890 philosophos
444 807 484 869 ed
507 828 708 871 communem
732 807 827 870 finem
844 805 1029 885 tetendisse,
1053 815 1086 870 et
1109 804 1192 870 idem
1217 806 1367 885 sensisse,

211 930 362 993 historiae
392 929 609 1012 philosophiae
640 929 839 1014 expositione
870 928 1152 1008 demonstraverim
1176 929 1278 1021 itaut
1300 939 1369 993 tota

211 1051 473 1134 philosophorum
497 1051 649 1116 historica
672 1051 769 1116 series
792 1075 888 1116 unam
915 1051 1063 1116 conficiat
1084 1024 1225 1116 veritatis
1249 1053 1369 1117 doctri-

212 1192 303 1250 nam,
336 1195 429 1284 quam
461 1174 586 1258 quidem
618 1176 747 1239 ultimus
770 1176 974 1260 proposuerit
996 1175 1203 1259 philosophus
1226 1175 1367 1240 omnium

106 1304 110 1312 '
211 1295 472 1380 philosophorum
496 1296 648 1382 principia
670 1298 702 1362 in
732 1320 820 1362 suem
849 1298 1025 1362 doctrinam
1054 1299 1248 1383 conjungens
1277 1299 1367 1364 ideo-

214 1440 275 1502 que
300 1419 441 1483 omnium
465 1419 623 1503 princeps.
658 1421 742 1483 Eum
766 1431 872 1486 autem
896 1421 1062 1506 Hegeiium
1085 1442 1166 1500 esse,
1189 1444 1284 1486 nemo
1307 1429 1380 1502 est,

213 1543 267 1626 qui
285 1545 355 1626 jure
379 1541 549 1626 negaverit.
596 1543 681 1606 Nihil
705 1544 811 1608 intulit
832 1566 850 1608 e
873 1568 930 1608 sua
958 1545 1160 1629 philosophia
1187 1544 1219 1608 iu
1242 1544 1367 1610 Aristo-

212 1665 320 1741 telem,
344 1665 461 1749 quippe
484 1685 565 1750 quae
588 1687 627 1730 ex
649 1665 719 1750 ipsa
734 1650 926 1732 Aristotelea
941 1677 974 1732 et
988 1667 1100 1752 optimi
1121 1668 1273 1753 cujusque
1295 1668 1367 1752 phi-

212 1787 339 1871 losophi
362 1787 545 1866 (Heracliti,
569 1788 730 1867 Platonis,
753 1789 867 1868 Procli,
890 1789 1046 1870 Boehmii,
1071 1789 1246 1875 Spinocae,
1268 1791 1367 1856 Leib-

213 1911 318 1988 nitzii,
349 1910 554 1995 schellingii)
583 1911 721 1976 conflata
758 1911 800 1976 sit
828 1923 861 1977 et
891 1914 1038 1978 adunata.
1095 1913 1205 1998 ltaque
1233 1937 1307 1992 cunr
1334 1913 1366 1977 in

212 2035 416 2100 Aristotelem
440 2035 596 2119 quaedam
616 2031 760 2099 intulisse
776 2035 907 2115 dicatur,
923 2035 1062 2100 restituit
1075 2044 1199 2100 tantum
1215 2037 1367 2122 magistro

213 2180 282 2236 suo,
306 2179 385 2242 quae
410 2179 448 2220 ex
470 2157 540 2240 ipso
565 2166 727 2221 mutuatus
755 2168 822 2238 est,
851 2181 993 2244 quaeque
1020 2160 1052 2224 in
1082 2159 1170 2224 libris
1199 2161 1266 2246 ejus
1291 2160 1365 2226 viris

213 2281 344 2346 eruditis
367 2277 543 2364 ἐκδεδομένα,
567 2281 673 2364 vulgo,
698 2291 734 2346 ut
753 2282 878 2366 scripsit
901 2281 970 2366 ipse
992 2283 1183 2364 Alexandm,
1208 2284 1303 2350 etiam
1326 2275 1365 2370 μὴ

213 2401 379 2489 ἐκδεδομένα
409 2403 568 2467 censenda
597 2413 681 2469 sunt.
733 2405 817 2470 Nam
846 2415 883 2470 ut
912 2427 930 2470 e
967 2415 1077 2472 nostra
1105 2415 1228 2471 tantum
1262 2413 1366 2471 aetate

212 2527 454 2612 praeteritorum
478 2539 659 2613 temporum
683 2529 781 2594 series
804 2539 913 2614 potest
927 2529 1068 2614 intelligi,
1091 2553 1163 2595 cum
1187 2550 1267 2614 quae
1290 2527 1365 2592 olim

213 2666 358 2734 separata
387 2661 420 2714 et
449 2673 561 2715 manca
578 2652 784 2730 exstiterint,
809 2653 877 2736 jam
900 2653 932 2715 in
955 2675 1053 2714 unum
1076 2659 1180 2714 totum
1203 2649 1268 2714 siut
1288 2669 1365 2712 con-

208 2776 335 2860 juncta:
361 2793 406 2836 stc
430 2782 462 2835 et
485 2773 618 2835 annulus
646 2773 776 2856 quilibet
797 2774 830 2836 in
853 2795 947 2838 aurea
968 2773 1021 2836 illa
1035 2770 1297 2856 philosophorum
1313 2793 1366 2836 ca-

212 2907 303 2973 tena,
336 2885 429 2979 quam
452 2893 583 2958 Procius
615 2917 686 2959 esse
716 2895 833 2974 voluit,
865 2895 942 2958 alios
965 2917 1031 2959 non
1054 2903 1163 2980 potest
1184 2892 1367 2978 intelligere,

212 3041 253 3082 ne
283 3017 407 3083 criticus
436 3017 562 3102 quidem
593 3019 818 3104 philosophus,
847 3018 905 3082 sed
932 3017 1034 3083 nostri
1057 3017 1184 3082 demum
1214 3015 1367 3102 temporis

211 3141 413 3226 philosophia
435 3141 586 3205 eruditus.

300 3267 375 3330 Non
405 3274 511 3328 tamen
543 3264 570 3327 is
601 3287 692 3353 sum,
716 3265 769 3349 qui
799 3264 998 3350 philologieis
1028 3263 1141 3328 studiis
1169 3261 1320 3348 neglectis
1350 3283 1368 3326 e

214 3389 289 3452 solis
313 3386 533 3471 philosophiae
562 3387 737 3452 rationibus
767 3388 971 3454 Aristotelem
999 3386 1218 3451 illustrandum
1245 3394 1368 3469 putem.

213 3511 296 3574 Nam
327 3509 354 3573 si
382 3509 464 3572 ullus
495 3519 638 3574 veterum
668 3511 930 3596 philosophorum
961 3511 1073 3594 dignus
1102 3517 1170 3590 est,
1193 3507 1245 3575 cui
1264 3508 1369 3573 lucem

213 3635 324 3699 afferat
352 3631 540 3717 philologia,
569 3633 597 3698 is
622 3643 706 3699 certe
736 3644 786 3700 est
814 3635 1019 3710 Aristoteles,
1048 3654 1143 3717 quem
1172 3653 1236 3695 non
1266 3632 1369 3695 solum

94 3848 99 3852 ·
213 3755 388 3841 principem
411 3763 553 3819 veterum
577 3757 848 3841 philosophorum,
872 3758 930 3821 sed
953 3755 1049 3820 etiam
1072 3754 1207 3840 primum
1230 3751 1369 3837 philolo-

211 3901 285 3963 gum
305 3878 376 3963 jure
399 3877 564 3942 nominare
587 3879 758 3963 possimus,
782 3903 853 3945 cum
876 3890 941 3944 tam
961 3878 1025 3943 late
1047 3877 1185 3962 patuerit
1207 3877 1275 3961 ejus
1298 3896 1368 3940 eru·

213 4000 301 4078 ditio,
326 4022 419 4084 quem
442 3999 600 4085 profunda
628 4001 686 4066 fuit
708 4001 918 4087 philosophia.
966 4001 1123 4086 Conjunxi
1150 3999 1243 4084 igitur
1263 3998 1368 4084 pbilo·
1447 3991 1449 3995 ¹

212 4122 328 4206 logiam
359 4144 430 4185 cum
461 4122 679 4207 philosophia,
709 4133 746 4188 ut
776 4124 873 4190 cuivis
902 4121 1067 4208 adparebit
1095 4122 1204 4187 oculos
1226 4120 1259 4185 in
1282 4143 1370 4186 com-

213 4243 401 4308 mentarium
436 4266 543 4308 meum
578 4246 775 4331 conjicienti3
800 4248 856 4312 ‘ita
891 4256 998 4312 tamen
1032 4255 1068 4310 ut
1108 4245 1224 4330 primes
1264 4235 1371 4328 partes

213 4333 442 4450 philosophiae,
467 4369 583 4454 quippe
612 4392 681 4434 cum
712 4369 751 4434 de
781 4369 973 4455 philosopho
1004 4377 1130 4454 agatur,
1160 4366 1371 4434 concesserim
1446 4410 1450 4418 ·
