3064 5036
546 353 713 424 Conspectus
732 351 793 406 libri
813 352 846 410 V.
1177 351 1279 406 XXVll

335 553 359 606 b.
378 552 486 608 lustum
506 551 706 608 distributivum
726 569 785 610 esse
795 555 997 625 proportionem
1017 554 1205 624 geometricam
1226 553 1279 608 dia·

377 629 504 700 junctam.
526 635 552 698 5.
576 626 701 688 11-11,
721 631 780 687 init.

265 710 458 781 pp.1njuriam
478 730 494 766 a
514 712 689 784 proportione
702 712 817 770 abenam
839 718 865 764 et
885 728 1004 766 aversam
1025 705 1277 777 eaae.§.14-16.

224 787 252 850 d.
274 791 385 861 capue
405 799 580 860 quartum:
600 791 643 846 De
659 790 734 860 justo
755 789 901 846 correctivo
922 790 976 845 aive
1003 791 1204 857 commutatico,
1233 791 1279 844 ubi

275 870 309 924 de
331 869 543 940 obligationibus
563 889 596 924 ex
616 869 714 924 delicto
734 870 876 940 praecipue
897 871 993 939 agitur.

265 975 312 1008 aa.
332 949 440 1004 lustum
460 949 636 1006 correctivum
656 949 684 1006 in
698 949 802 1004 damnis
821 950 992 1004 restituendis
1006 968 1063 1006 esse
1077 948 1279 1020 proportionem

333 1027 544 1094 arithmeticam,
571 1047 633 1083 cum
658 1047 714 1082 non
741 1030 859 1099 dignitas
884 1046 1073 1100 personarum,
1107 1029 1155 1084 sed
1189 1029 1280 1082 <larnai

336 1116 441 1162 tanturn
463 1107 620 1178 magnitudo
641 1117 784 1180 spectetur.
806 1111 831 1174 5.
856 1103 898 1164 1-
913 1101 940 1164 3.

263 1197 311 1255 pp.
332 1186 437 1240 Justum
468 1187 536 1252 boc,
566 1197 596 1241 ut
628 1205 750 1259 aequum,
781 1205 840 1242 esse
864 1187 980 1241 mediam
1009 1186 1098 1242 damni
1126 1195 1153 1242 et
1177 1187 1281 1242 locria

328 1263 419 1333 judice
440 1265 627 1322 constitutum.
649 1271 674 1332 5.
696 1262 786 1323 4-7.

264 1369 315 1414 yy.
331 1344 498 1400 Describitur
518 1344 651 1414 ejusmodi
670 1347 820 1417 proportio,
840 1362 924 1417 eaque
944 1344 1101 1412 continens,
1121 1364 1135 1400 e
1157 1345 1281 1401 similitu·

336 1423 397 1478 diue
418 1425 498 1480 trium
518 1426 656 1480 linearum.
679 1429 704 1490 5.
725 1419 832 1484 8-12.

266 1498 310 1560 ll.
333 1501 450 1556 Nomina
470 1503 560 1560 damni
582 1513 609 1558 et
629 1507 694 1560 lucri
709 1523 741 1560 ex
755 1505 788 1560 iis
802 1503 1025 1574 obligationibus,
1038 1521 1105 1575 quaa
1119 1522 1167 1558 sua
1182 1512 1278 1574 sponte

330 1582 649 1722 contrabuntssboflnes,
670 1593 754 1640 tracta
773 1595 801 1638 et
822 1584 855 1638 ad
877 1601 932 1638 nou
961 1585 1122 1638 rolrmtarias
1150 1587 1279 1638 translata

334 1679 404 1716 erae.
426 1657 489 1727 5.1
522 1691 548 1702 -
594 1703 601 1716 .

223 1765 243 1798 r.
271 1739 384 1810 Caput
411 1740 584 1812 quintum:
605 1743 646 1797 De
669 1741 729 1811 jure
757 1741 866 1798 talionis
893 1741 948 1796 sire
972 1740 1049 1811 justo
1075 1744 1277 1796 commutatico.

274 1819 324 1874 llla
340 1819 406 1890 justi
427 1821 565 1878 correctiri
584 1840 647 1892 pars
673 1821 812 1896 praecipue
824 1875 826 1881 ,
839 1831 990 1892 spectatur,
1016 1839 1084 1892 quac
1111 1831 1230 1876 versatur
1250 1823 1278 1876 in

274 1898 485 1968 obligationibus
504 1901 670 1956 voluntariis.

264 2003 310 2035 aa.
331 1979 427 2034 Utrum
444 1978 489 2048 jus
509 1981 618 2034 talionis
639 1980 793 2052 simpliciter
809 1979 854 2049 jus
874 1979 917 2034 sit.
942 1981 968 2045 5.
991 1973 1077 2034 1-5,

262 2069 309 2127 pp.
331 2057 362 2112 ln
384 2059 622 2116 communitatibus
634 2077 720 2114 rerum
735 2059 975 2114 contrahendarum
995 2067 1023 2112 et
1043 2059 1278 2128 permutandarum

333 2137 459 2192 talionem
479 2139 568 2193 locum
589 2139 696 2194 babere.
717 2143 744 2204 5.
764 2134 871 2196 6-16,

333 2232 357 2270 a.
378 2217 503 2272 Civitatis
522 2219 677 2274 societatem
699 2219 749 2274 niti
775 2219 825 2272 bac
851 2218 986 2288 reciproca
1014 2217 1210 2290 permutatione
1238 2237 1279 2272 se·

379 2297 496 2352 cundum
515 2299 725 2369 proportionem.
747 2301 773 2364 5.
793 2293 882 2356 6-9.

332 2375 356 2432 b.
377 2377 455 2430 Hane
481 2377 683 2448 proportionem
710 2377 737 2430 in
763 2375 1005 2448 permutationibus
1038 2374 1173 2429 observari
1198 2393 1279 2446 posse

380 2473 431 2526 ope
458 2457 577 2521 nummi,
600 2457 646 2527 qui
667 2459 746 2523 (loro
767 2457 949 2526 indigentiae)
975 2453 1095 2508 omnium
1123 2471 1210 2509 rerum
1238 2463 1279 2508 est

379 2552 512 2591 mensura.
534 2539 560 2602 5.
582 2530 709 2592 10-12.

335 2629 355 2668 t.
377 2613 522 2676 Quomodo
551 2617 666 2670 societas
697 2612 836 2668 bominum
867 2611 1014 2684 indigentia
1045 2611 1227 2677 contineatur,
1252 2619 1280 2664 ct

379 2694 516 2764 quomodo
536 2713 661 2750 nummus
681 2694 778 2750 subeat
798 2693 882 2748 ricem
902 2692 1065 2762 indigentiae
1092 2709 1186 2762 resque
1206 2709 1280 2745 meu·

380 2781 461 2826 snret.
483 2777 509 2838 5.
531 2768 652 2832 13-16.

264 2871 315 2920 pp.
330 2851 476 2912 Quomodo
486 2851 601 2922 justitia,
621 2853 666 2925 qui
677 2861 718 2908 cst
734 2851 852 2914 babitus,
866 2853 901 2906 sit
915 2851 1085 2908 mediocritas
1099 2851 1139 2903 vel
1154 2849 1280 2914 maelium,

334 2940 361 2984 st
381 2931 511 3000 injustitia
530 2941 688 2988 extremum.
714 2935 739 2996 5.
764 2925 888 2988 17-20.

224 3031 226 3038 ’
333 3025 358 3064 n.
378 3011 514 3066 iustitiam
535 3029 593 3067 esse
613 3011 698 3084 ipsius
719 3011 814 3078 medii,
835 3010 992 3080 injustitiam
1012 3008 1148 3080 utriusque
1160 3005 1279 3063 extremi.

311 3193 315 3200 ·
334 3169 359 3222 b.
379 3169 514 3224 iustitiam
536 3187 595 3224 esse
610 3169 765 3226 electionem
781 3168 949 3242 aequalitatis
970 3168 1039 3222 inter
1052 3167 1152 3221 bonum
1168 3160 1278 3218 nimium

381 3248 434 3302 sibi
454 3255 481 3302 et
500 3249 601 3302 bonnm
621 3250 710 3304 minus
730 3253 806 3304 alteri
827 3250 1007 3304 tribuendum.
1028 3252 1054 3314 5.
1077 3240 1124 3304 18.

337 3327 538 3396 r.1njrrstitiam
563 3347 622 3386 erae
647 3329 783 3393 habitum,
810 3347 864 3400 quo
892 3329 953 3401 quis
978 3328 1030 3384 sibi
1057 3325 1183 3388 nimium,
1205 3323 1281 3376 alteri
1329 3326 1331 3329 ’

352 3425 476 3478 ·parum
497 3407 562 3462 boni
582 3409 682 3464 tribuit.
704 3413 730 3474 5.
753 3403 799 3466 19.

197 3489 221 3542 b.
243 3487 284 3540 Dc
302 3484 370 3554 justi
390 3487 581 3550 accidentibus,
602 3506 649 3542 seu
667 3487 726 3556 jure
746 3487 826 3542 cirili.
846 3506 870 3541 c.
893 3481 980 3544 6-9·

227 3591 254 3623 a.
276 3565 392 3635 Caput
412 3574 559 3620 sextum:
578 3567 708 3622 Definitio
726 3565 792 3634 justi
812 3567 904 3624 civilia.

266 3671 312 3703 aa.
334 3644 404 3698 Fieri
425 3661 521 3714 posse,
541 3655 576 3778 ui
592 3647 623 3712 is,
644 3646 689 3718 qni
709 3646 806 3716 injuste
820 3647 898 3712 lacit,
922 3643 1042 3700 noudum
1072 3651 1160 3698 tamen
1185 3642 1221 3696 sit
1241 3645 1281 3696 in·

330 3722 428 3790 justus.
450 3726 476 3788 5.
499 3719 556 3780 1-
578 3763 586 3779 .

266 3813 313 3872 μβ.
335 3803 385 3856 Jus
405 3803 481 3856 civile
501 3821 561 3857 ease
581 3806 651 3858 inter
670 3804 794 3860 bomines
807 3805 906 3860 liberos
927 3802 1055 3858 societate
1077 3800 1145 3854 vitae
1160 3801 1197 3854 ita
1217 3819 1280 3859 con-

331 3877 450 3948 junctoar
470 3889 501 3935 ut
520 3882 587 3936 nibil
606 3883 672 3937 foria
692 3885 834 3956 requirant.
856 3888 880 3950 5.
902 3877 990 3940 4-8.

265 3984 318 4028 pp.
333 3959 382 4014 Jus
408 3959 546 4030 conjugale
578 3961 707 4031 majorem
733 3964 933 4018 similitudinem
956 3961 1024 4030 juris
1049 3959 1133 4014 civilis
1160 3977 1223 4030 prae
1251 3977 1280 4014 ae

334 4037 411 4102 ferre,
431 4056 512 4110 quam
528 4038 572 4108 jus
592 4041 674 4096 herile
694 4052 722 4096 et
740 4053 888 4112 paternum.
909 4045 935 4107 5.
956 4035 1064 4098 9-11.

225 4129 253 4186 β.
275 4115 393 4187 Caput
413 4119 617 4188 septimum:
636 4121 679 4174 De
698 4121 838 4192 speciebus
854 4121 923 4190 juris
946 4120 1038 4176 civilia.

266 4219 312 4254 aa.
334 4197 382 4250 Jus
403 4195 479 4250 civile
500 4197 571 4252 aliud
592 4202 712 4255 naturale
733 4217 799 4266 esre,
813 4201 886 4254 aliud
906 4195 1279 4270 legitimum,vcl,utdicunt,

331 4275 485 4344 positivum.
506 4279 532 4341 5.
556 4273 582 4332 1.

264 4353 516 4423 pannonicae
537 4355 689 4426 opinionem
710 4375 811 4426 eorum,
828 4360 875 4432 qui
895 4358 1077 4416 contendunt,
1105 4345 1195 4408 omnia
1218 4352 1279 4420 jura

335 4448 389 4486 non
410 4433 513 4498 natura,
534 4435 582 4490 sed
601 4436 706 4506 legibus
727 4445 831 4494 tantum
852 4437 1134 4500 constitutaesint.
1155 4427 1242 4488 2-5.
