3064 5036
293 369 344 446 20
576 375 755 430 Commentar.
781 375 814 428 ad
835 375 944 430 Aristot.
966 375 1053 430 llthic.
1073 377 1176 432 Nicom.

295 616 380 658 mam
399 589 493 676 (εἶδος)
514 591 580 657 sive
604 591 776 656 essentiam
802 586 920 676 (οὐσίαν)
943 593 975 656 id
990 594 1094 678 ipsum
1110 595 1256 678 pertinet,
1279 594 1359 680 quod
1380 595 1432 658 hoc

294 707 366 771 loco
378 697 726 789 dnomlpavorEustratio
737 705 842 772 vocari
853 706 967 790 placet.
991 707 1160 772 Summum
1172 705 1432 770 bonumeninrest

292 839 429 883 vacuum
447 836 565 880 nomen
574 863 585 895 ,
607 835 672 880 non
692 815 835 880 definitio
853 815 1073 897 beatitudinis,
1097 817 1239 882 definitio
1257 827 1432 882 autentum

293 930 422 994 domum
436 926 621 1006 absolvitur,
633 949 716 1005 cum
725 927 800 1012 quid
813 927 855 994 sit
869 929 1166 1010 summumbonum,
1181 930 1358 1014 explicatur.
1379 928 1431 992 lta-

294 1043 354 1126 que
365 1041 437 1106 ferri
449 1038 554 1123 possit
564 1037 597 1102 τί
605 1038 690 1114 ἐστιν,
702 1062 774 1104 oum
786 1038 819 1103 τί
825 1041 867 1104 sit
878 1040 1066 1106 vocabulum
1078 1042 1221 1106 solemne
1232 1042 1432 1125 addesignan·

293 1153 365 1218 dam
379 1150 567 1230 essentiam
584 1171 679 1234 quare
691 1160 724 1214 et
734 1152 960 1235 Paraph'rastes
972 1162 1059 1218 recte
1073 1154 1218 1237 explicat,
1231 1148 1295 1236 περὶ
1307 1151 1337 1218 a
1348 1150 1395 1216 τοῦ
1409 1149 1436 1214 τί

293 1257 401 1348 ἐστικὴ
424 1256 600 1348 εὐδαιμονία,
623 1272 656 1326 et
678 1263 868 1328 Aristoteles
891 1265 976 1329 dicet
989 1264 1069 1328 infra
1092 1287 1119 1330 c.
1144 1266 1180 1344 7,
1206 1267 1236 1350 b.
1261 1267 1291 1332 1.
1313 1258 1392 1330 πάλιν
1412 1255 1431 1326 l'

292 1374 490 1460 ἐπανέλθωμεν
519 1369 565 1438 ἐπὶ
594 1367 628 1437 eci
655 1367 820 1460 ζητούμενον
850 1368 980 1459 ἀγαθὸν,
1013 1374 1051 1440 τί
1076 1371 1164 1440 ποτ”
1178 1368 1210 1442 o'lr
1239 1373 1292 1463 εἴη.
1337 1377 1431 1460 Atque

291 1487 371 1552 adeo
400 1507 529 1571 prorsus
552 1507 618 1550 non
641 1495 765 1550 exstare
788 1486 912 1552 videtur
930 1487 992 1552 ista
1014 1488 1190 1554 differentia
1210 1515 1228 1556 a
1249 1489 1322 1556 viris
1342 1487 1430 1552 doctis

290 1599 323 1662 in
344 1599 460 1663 ‘medio
493 1597 658 1682 proposita
670 1625 679 1678 ;
719 1599 837 1664 etenim
866 1597 907 1677 τίς
938 1599 1000 1664 ἔστι
1033 1600 1111 1664 nihil
1139 1602 1223 1667 aliud
1251 1611 1317 1680 est,
1350 1621 1431 1684 quam

290 1710 478 1776 vocabulum
513 1710 619 1774 minus
655 1709 798 1776 solemne
836 1731 896 1795 pro
927 1708 961 1774 τί
990 1711 1053 1776 ἐστι
1086 1713 1137 1777 vel
1170 1707 1205 1776 τὸ
1240 1713 1273 1778 τί
1304 1703 1333 1798 ἦν
1364 1710 1430 1776 εἶναι.

291 1823 429 1906 Optimo
451 1816 556 1886 autern
576 1823 648 1908 jure
660 1823 848 1888 Aristoteles
864 1823 1018 1888 vocabulo
1035 1824 1140 1890 minus
1154 1826 1289 1890 solemni
1305 1825 1430 1890 hocloco

289 1934 406 2013 utitur,
436 1957 498 2020 quo
521 1933 605 2020 vulgi
634 1934 801 2019 opiniones
825 1935 1015 2001 desummo
1038 1937 1123 2000 bono
1148 1938 1346 2022 expositurus
1374 1944 1429 2013 est3

288 2047 343 2112 ubi
365 2069 440 2113 vero
470 2069 559 2112 suam
588 2047 841 2132 philosophicam
863 2046 1067 2112 beatitudinis
1090 2049 1308 2115 definitionem
1336 2069 1429 2134 aggre-

290 2159 392 2236 ditur,
416 2157 493 2224 dicit
515 2158 555 2222 τί
573 2152 642 2252 ποτ’
668 2148 701 2222 sb
722 2153 777 2242 εἴη.
802 2159 1006 2243 Quapropter
1028 2140 1186 2246 vulgatam
1208 2183 1274 2228 non
1295 2171 1387 2226 muto.
1422 2137 1424 2142 ,
1508 2203 1509 2214 1

379 2271 407 2354 ᾧ.
432 2269 463 2338 3.
509 2262 617 2354 ἡδονὴν,
640 2265 773 2348 πλοῦτον,
795 2264 888 2356 τιμήν)
911 2271 1076 2356 Praeclare
1088 2271 1168 2338 vidit
1180 2273 1429 2351 Aristotelea‘ex

288 2383 523 2468 comparatione
546 2391 579 2446 et
597 2373 786 2466 pensatione
808 2382 920 2448 finium
941 2385 1218 2465 secundariorum,
1248 2399 1325 2472 quos
1347 2383 1429 2448 etiam

286 2483 405 2576 πρακτοὶ
428 2488 533 2580 ἀγαθά
554 2493 698 2559 nominat
721 2495 803 2578 (vide
827 2517 922 2581 supra
944 2496 984 2562 ad
999 2519 1027 2564 c.
1044 2497 1076 2575 2,
1101 2498 1128 2581 b.
1147 2499 1177 2577 1,
1202 2509 1236 2564 et
1257 2498 1318 2583 §.1
1343 2491 1430 2562 nostri

287 2607 422 2692 capitis),
446 2607 561 2672 summi
582 2608 655 2672 finis
678 2616 824 2672 naturam
846 2607 934 2674 nasci
957 2618 990 2672 et
1008 2609 1082 2674 ‘elici
1104 2631 1212 2693 posse.
1249 2611 1342 2676 Fines
1356 2607 1428 2672 enim

285 2719 330 2782 illi
353 2728 428 2782 sunt
449 2719 609 2782 naturales
638 2717 803 2782 hominurn
825 2720 1004 2802 appetitus,
1036 2720 1088 2806 qui
1111 2723 1151 2786 ad
1173 2724 1328 2788 rationem
1349 2739 1428 2785 revo·
1508 2715 1509 2756 3

287 2829 348 2894 cati
380 2828 558 2912 rationique
595 2825 728 2911 subjecti
767 2829 908 2894 efficiunt
943 2853 1102 2896 summum
1142 2833 1265 2900 bonum
1299 2843 1331 2900 et
1362 2827 1429 2896 boni

287 2941 426 3006 diversas
450 2939 573 3022 species
596 2938 664 3003 sive
678 2938 829 3022 virtutes3
849 2951 886 3006 ut
907 2943 940 3006 in
964 2943 1168 3029 sequentibus
1191 2947 1325 3014 lucidius
1342 2963 1427 3028 appa-

285 3051 383 3146 rebit..
400 3093 444 3106 --
474 3047 547 3134 ἔνιοι)
582 3046 722 3136 intellige
745 3053 943 3135 Platonicos,
973 3056 1012 3120 de
1043 3079 1176 3140 quorum
1207 3047 1354 3144 opinione
1380 3075 1427 3120 co-

283 3163 403 3247 piosius
427 3186 455 3228 c.
479 3163 510 3232 6.
534 3161 726 3246 disputabile
756 3148 830 3230 rihho
853 3191 882 3230 τι
903 3160 972 3232 καθ’
1004 3159 1079 3232 αὖτέ
1108 3179 1159 3234 est
1187 3171 1260 3238 idea
1281 3171 1332 3236 ille
1352 3165 1427 3243 boni,

285 3273 418 3338 seorsim
442 3297 460 3338 a
482 3275 596 3339 ceteris
618 3272 729 3353 bonis,
760 3275 868 3340 nescio
891 3278 964 3358 ubi,
987 3279 1144 3345 habitans.
1159 3297 1210 3330 '-·
1242 3287 1330 3362 τοῒςᾶε
1351 3276 1428 3344 πᾶσιν

284 3379 373 3449 αἴτιόν
404 3384 467 3450 ἐστι
489 3383 542 3450 rob‘
564 3382 633 3450 εἶναι
652 3365 777 3470 ’ἀγαθοῦ
809 3388 1019 3470 carduenos,
1042 3389 1101 3471 Kb,
1116 3389 1202 3460 Mb:
1234 3388 1342 3472 τούτοις
1362 3387 1428 3456 nte

284 3495 337 3560 τοῦ
357 3494 426 3562 εἶναι
449 3491 552 3583 ἀγαθοὶ
575 3491 666 3562 oi'rro'r
688 3498 773 3564 ἔστιν.

372 3610 400 3693 d.
425 3608 456 3674 4.
495 3603 587 3676 ἱκανὸν
611 3608 657 3689 δέ)
681 3612 773 3676 Duae
798 3623 1011 3694 sturt'oausae,
1035 3639 1090 3682 our
1105 3619 1289 3704 opinionem
1304 3618 1427 3701 aliquam

282 3722 515 3804 perpendamus
539 3732 572 3786 et
585 3723 769 3802 refutemus,
790 3734 845 3789 aut
860 3725 933 3810 quia
947 3751 966 3791 a
980 3751 1096 3814 magno
1118 3731 1283 3796 hominum
1307 3745 1426 3794 numero

283 3831 460 3896 defenditur
484 3827 545 3917 (τοῖς
567 3828 700 3919 μάλιστα
724 3832 978 3922 ἐπιπολαζούσας),
1003 3850 1057 3905 ant
1072 3841 1145 3926 quia
1164 3842 1363 3908 suaratione
1376 3835 1426 3902 niti

259 3941 351 4030 'ipsa
372 3943 497 4009 videtur
513 3940 678 4028 ,(δοκούσας
708 3941 782 4030 ἔχειν
810 3941 872 4014 τινὰ
901 3943 1014 4034 λόγον);
1043 3975 1176 4037 quorum
1204 3954 1335 4020 alterum
1357 3971 1425 4016 oon·

281 4053 375 4140 tingit
388 4055 471 4140 vulgi
486 4055 698 4140 opinionibus,
718 4081 796 4144 quas
811 4063 1145 4146 proposuit-alterum
1158 4062 1302 4131 Platonis
1318 4061 1426 4130 doctri·

280 4189 350 4232 nae.
395 4167 487 4262 llanc
509 4167 602 4252 igitur
624 4170 729 4254 capite'
751 4169 790 4248 6,
813 4172 882 4236 illas
906 4175 1008 4259 capite
1031 4175 1062 4240 5.
1085 4177 1275 4242 rehstatitms
1298 4186 1356 4242 est.

368 4280 397 4362 b.
426 4281 457 4346 5.
503 4272 562 4344 cino*
590 4278 645 4344 τῶν
675 4274 783 4364 ἀρχῶν)
822 4285 993 4367 Duplicem
1021 4287 1109 4352 illam
1137 4288 1322 4354 methodum
1354 4285 1426 4349 infra

281 4389 401 4473 (Vl,c.
426 4389 462 4470 3,
487 4393 515 4476 b.
540 4389 623 4475 2-3)
653 4391 755 4459 fusius
778 4393 961 4477 explicabit,
990 4409 1107 4483 nempe
1130 4399 1424 4466 demonstrationem

279 4494 445 4588 (ἅπόὸειξιν)
476 4513 509 4568 et
533 4502 752 4570 inductionem
776 4501 963 4592 (ἐπαγωγήν),
995 4533 1072 4595 quas
1095 4511 1191 4579 hodie
1221 4509 1424 4595 syntheticam
