3064 5036
249 312 298 384 26
530 319 708 376 Commenta.
735 320 768 373 ad
788 319 899 375 aristot.
921 298 1007 375 lirina
1028 318 1133 374 Nicom.

248 536 330 600 vitat
362 529 524 602 διακόπτων
546 531 596 622 τὴν
617 526 687 621 ὅλην
709 532 758 608 καὶ
773 529 815 600 «τδ
838 529 973 619 σαρκικδν
995 533 1080 600 τοῢτο
1105 533 1185 618 νέφος
1213 530 1263 600 καὶ
1293 531 1412 618 προκοί-

248 658 349 735 λυμμα
371 647 434 732 θεῷ
456 643 505 714 καὶ
527 654 585 728 τοῖς
607 647 696 728 θείοις
719 643 758 714 δι’
782 642 931 716 inanem
951 645 1119 732 σειγγίνεται.

338 762 367 846 p.
390 763 422 826 2.
468 761 494 826 οἱ
522 760 580 847 μέν)
610 759 653 845 τῷ
675 761 709 825 οἱ
729 760 777 847 μέν
807 761 981 845 respondet
1003 759 1132 825 demum
1155 752 1190 823 τδ
1213 760 1239 824 οἱ
1263 758 1297 824 δέ
1318 759 1412 830 initio

249 876 277 960 δ.
301 877 334 954 i,
357 873 548 940 refutatione
570 873 683 958 prioris
706 873 884 939 sententiae
906 874 940 938 in
963 874 992 958 δ.
1015 873 1047 941 3.
1070 872 1246 957 interjecta.
1267 905 1306 920 -
1333 881 1412 954 φορ-

247 980 413 1068 τικώτατοι)
437 985 618 1051 Eustratius
642 996 675 1052 et
696 985 748 1050 elii
762 986 864 1051 males
887 989 984 1067 βαρεῖς
1007 983 1183 1050 secundum
1198 984 1409 1058 Homericum

249 1093 365 1162 ἐτώσιον
387 1083 485 1180 ἔχθος
508 1091 641 1181 ἀρούρας.
686 1089 786 1178 Sunt,
808 1107 846 1163 ut
867 1097 947 1162 vidit
968 1098 1134 1175 Muretus,
1166 1097 1329 1179 vilissimi,
1355 1097 1410 1162 ab·

243 1209 341 1296 jeoti,
365 1219 401 1274 ut
422 1209 535 1296 bajuli,
559 1235 578 1275 a
601 1205 717 1294 φόρτος.

338 1323 370 1406 δι
390 1321 421 1388 3.
468 1316 707 1407 ἀνδραποδώδεις)
728 1323 810 1390 Vide
832 1323 903 1388 infr.
926 1321 976 1402 lli,
1000 1345 1028 1389 o.
1053 1322 1107 1404 10,
1131 1324 1159 1408 ᾧ.
1183 1323 1216 1388 8.
1261 1321 1411 1388 Serviat

126 1525 131 1528 -
249 1435 396 1499 animalia
418 1435 494 1500 solis
517 1437 658 1521 corporis
672 1435 889 1520 voluptatibus
903 1437 1052 1520 gaudent.
1086 1435 1172 1502 Alibi
1188 1436 1327 1520 (Oecon.
1340 1435 1366 1516 l,
1378 1438 1408 1517 5)

249 1547 326 1612 dicit
343 1545 543 1630 Aristoteles,
567 1547 672 1613 cibum
695 1571 767 1614 esse
789 1549 968 1614 mercedem
991 1548 1082 1614 servi.
1120 1549 1277 1632 Voluptas
1301 1557 1410 1612 autem

248 1659 321 1724 ideo
345 1681 411 1722 non
435 1669 485 1724 est
507 1661 646 1726 humana
667 1661 815 1740 felicitas,
848 1661 921 1746 quia
942 1661 1121 1726 eommunis
1144 1660 1239 1727 nobis
1261 1670 1313 1724 est
1335 1682 1409 1725 oum

192 1823 195 1828 ,
248 1770 373 1836 belluis.

338 1885 366 1969 i.
389 1886 422 1952 4.
467 1880 559 1972 τιμήν)
584 1883 727 1950 Subaudi
747 1876 1003 1969 ὑπολαμβάνωσι,
1034 1883 1120 1968 quod
1137 1886 1205 1970 jam
1238 1885 1279 1949 ad
1309 1877 1409 1970 ἡδονήν

250 1997 290 2081 (δ.
313 1997 345 2080 2)
370 2019 410 2062 ex
431 1989 641 2083 ὑπολαμβάνειν
666 1998 706 2082 (d.
733 1996 763 2080 1)
788 1997 998 2081 supplendum
1022 2005 1106 2076 erat3
1142 2019 1238 2076 eave,
1261 2019 1304 2062 ne
1326 1991 1409 2083 τιμήν

248 2109 289 2174 ad
306 2103 536 2196 προαιρούμενοι
565 2112 700 2189 referas,
732 2131 806 2174 oum
840 2110 869 2192 p.
899 2108 931 2174 3.
962 2108 1129 2194 interjecta
1162 2110 1203 2173 ad
1236 2110 1408 2192 parenthe-

248 2220 298 2284 sin
328 2221 453 2305 etipsa
481 2222 648 2306 pertineat.
672 2257 710 2270 -
742 2201 803 2284 τοῢΙ
817 2213 884 2304 μοὶρρ
903 2218 1055 2286 πολιτικοῦ
1083 2219 1158 2303 βίου)
1190 2221 1235 2286 Ut
1257 2222 1408 2286 Montes-

248 2333 343 2418 quieu
364 2333 459 2416 dicit,
487 2335 643 2403 honorem
668 2355 739 2398 esse
762 2332 950 2417 principium
972 2331 1191 2398 Monarchiae.
1217 2371 1258 2384 —-
1288 2329 1407 2416 σχεδόν)

249 2446 334 2514 Quia
354 2469 393 2512 ex
407 2447 589 2512 Aristotelis
613 2446 773 2512 sententia
794 2467 860 2510 non
881 2446 986 2509 honor
1004 2445 1086 2528 ipse,
1109 2446 1167 2510 sed
1181 2445 1281 2510 virtus
1304 2446 1409 2511 activa

246 2559 319 2624 finis
348 2570 399 2624 est
433 2561 595 2626 societatis
629 2561 815 2638 hominum,
849 2558 954 2622 honor
986 2566 1093 2621 autem
1126 2557 1276 2622 virtutem
1307 2561 1407 2623 modo

247 2673 425 2736 comitatur.
448 2709 482 2720 -
511 2665 755 2752 ἐπιπολαιότερον)
780 2669 887 2735 Schol.
910 2668 1011 2733 Paria.
1035 2670 1119 2753 apud
1142 2671 1295 2735 Zellium:
1321 2666 1405 2736 ‘coir'
1517 2719 1518 2730 ,

247 2780 322 2850 ἔστιν
344 2776 500 2868 οἷπτόμενον
523 2776 603 2866 μόνον
626 2780 680 2846 τῶν
696 2781 731 2859 εἰς
746 2773 818 2845 oriri
841 2773 1030 2858 σκοπούντων,
1055 2774 1106 2846 οὐκ
1124 2780 1160 2860 εἷς
1180 2777 1276 2861 βάθος
1299 2781 1405 2868 διῆκαν,

247 2889 313 2959 οὐδὲ
335 2893 504 2979 παραμένειν
527 2887 571 2956 oiri
594 2887 749 2977 δυνάμενον.
772 2930 817 2940 -
838 2885 1050 2978 μαντευδμεθα)
1082 2895 1210 2959 Scholia
1233 2895 1344 2959 eadem
1367 2917 1407 2960 ex

245 3007 426 3086 Eusuati0‚
449 3015 486 3070 ut
507 3005 712 3091 plerumque,
744 3006 829 3090 quod
846 3006 915 3090 jam
938 3005 1057 3070 Zellins
1080 3006 1175 3070 vidit:
1204 3001 1406 3093 μαντευόμεθα

245 3116 356 3205 εἴρηται
380 3112 429 3196 διαὶ
451 3112 486 3182 τδ
507 3112 595 3204 μήπω
618 3143 646 3182 τι
668 3113 733 3200 περὶ
756 3112 845 3182 αὐτοῦ
868 3111 1099 3203 ἀποδειχθῆναι,
1130 3111 1193 3184 ἄλλ’
1218 3111 1253 3198 ὥς
1278 3120 1304 3184 ἔν
1326 3119 1405 3185 εἰκα.Ι

247 3231 314 3318 opii
337 3219 411 3295 οὕτω
434 3222 649 3316 λαμβάνεσθαι·
672 3222 858 3315 στοχαστικὴ
881 3223 937 3314 adp
961 3228 1048 3314 τέχνη
1072 3221 1090 3315 ἡ
1113 3225 1250 3316 μαντική..
1347 3265 1352 3272 ·

265 3371 269 3382 ·
336 3345 364 3429 δ.
388 3345 420 3411 5.
468 3337 509 3407 ἔτι
532 3341 575 3426 δέ)
605 3341 720 3408 Fusius
744 3341 919 3428 explicatur
947 3343 1027 3406 haec
1049 3342 1208 3407 sententia
1230 3343 1301 3408 infr.
1325 3343 1405 3423 v111,

246 3480 273 3522 c.
287 3457 319 3536 8,
337 3457 365 3542 ᾧ.
379 3458 410 3526 2.
424 3498 468 3508 -
484 3453 602 3542 ζητοῦσι
617 3452 693 3540 γοῦν)
715 3456 922 3540 Explicantur
937 3453 1161 3538 praecedentia
1176 3450 1219 3520 ἵνα
1234 3450 1406 3521 πιστεύωσιν

245 3599 273 3635 κ.
296 3597 324 3635 τ.
347 3579 376 3636 λ.
413 3571 514 3635 Recte
535 3568 630 3655 igitur
654 3568 778 3633 monuit
801 3567 1011 3634 Cardwellus:
1035 3568 1116 3646 „Ex
1132 3567 1182 3630 his
1207 3567 1313 3633 verbis
1337 3591 1406 3633 ma·

246 3683 362 3748 nifesto
386 3691 534 3766 apparet,
565 3691 718 3768 quantum
745 3681 829 3746 inter
851 3701 947 3745 voces
975 3675 1040 3763 γοῦν
1069 3687 1103 3743 et
1130 3664 1176 3745 oin
1199 3680 1306 3746 distet.
1353 3681 1407 3744 illa

246 3794 337 3860 enim
355 3795 395 3858 ad
418 3796 578 3880 exemplar
602 3794 762 3880 quoddam
787 3801 926 3878 spectat,
958 3800 991 3856 et
1011 3791 1044 3854 id
1050 3837 1061 3870 ,
1091 3792 1178 3876 quod
1204 3794 1407 3876 propositum

168 3889 171 3892 ¹
246 3915 308 3987 est,
332 3905 476 3970 oratione
499 3908 589 3992 quasi
610 3915 787 3972 retrorsum
808 3925 918 3983 versa,
941 3903 1094 3984 illustrat3
1118 3903 1199 3968 haeo
1219 3913 1307 3970 recte
1330 3927 1406 3990 pro-

244 4018 385 4105 greditur
406 4026 440 4082 et
462 4037 502 4083 ex
525 4017 785 4083 antecedentibus
808 4001 928 4080 novam
951 4015 1099 4100 quiddam
1123 4015 1276 4100 colligit.“
1326 4037 1328 4042 ·

335 4131 363 4215 ᾗ.
395 4130 426 4198 6.
473 4123 657 4212 οἷτελεστέρα)
686 4131 770 4194 Cum
798 4129 898 4194 virtus
927 4128 970 4192 sit
997 4127 1122 4192 habitus
1152 4128 1227 4192 boni
1258 4123 1341 4212 (ἕξις,
1371 4139 1408 4192 ut

246 4243 383 4327 explieat
404 4243 617 4324 Eustratius),
647 4240 755 4326 quiin
780 4239 923 4324 subjecto
946 4261 1019 4306 esse
1048 4239 1216 4326 aliquando
1247 4241 1317 4306 sine
1343 4242 1408 4306 ulla

246 4355 431 4442 operatione
455 4363 488 4420 et
510 4352 767 4426 manifestatione
788 4352 909 4435 possit:
933 4351 985 4416 est
1004 4351 1200 4436 imperfecta,
1223 4353 1274 4418 vel
1295 4375 1407 4438 perse

246 4469 401 4534 adfinem
423 4465 589 4554 pervenire
610 4486 675 4530 non
694 4472 813 4549 potest.
849 4463 958 4530 Virtus
980 4459 1076 4549 igitur
1098 4466 1137 4531 ad
1161 4485 1320 4531 summum
1345 4465 1405 4530 bo-
