3064 5036
268 341 295 410 2
543 341 723 398 commentar.
751 341 786 396 ad
806 331 916 396 Aristotl
938 340 1023 397 llthic.
1045 341 1149 398 Nicom.

270 558 380 647 procul
402 555 498 623 dubio
519 556 656 623 maxime
679 553 832 636 servavit,
863 557 918 642 qui
938 557 1152 623 Nroomachea
1174 555 1290 635 edidit,
1312 577 1423 641 quarn-

271 694 367 759 quam
389 679 423 736 et
443 667 555 754 reliqui
569 667 749 734 Aristotelis
764 666 862 733 verba
878 689 975 753 saepe
997 678 1053 734 aut
1073 669 1260 755 plerumque
1282 689 1427 734 servasse

271 783 434 864 videntur;
470 803 545 848 num
579 787 801 866 praeterquam
828 779 915 865 quod
940 787 1006 846 tres
1039 779 1111 846 libri
1137 781 1426 848 Nicomacheorum

272 895 313 981 (V
319 893 409 977 ΝΠ)
436 893 470 958 in
492 891 658 960 Eudemiis
681 883 818 977 (lv-Vl)
846 900 1011 958 recurrunt
1032 889 1110 972 toti,
1139 893 1193 978 qui
1222 893 1336 958 saltem
1363 891 1428 958 sint

272 1005 401 1094 genuini
422 1013 567 1091 oportet,
597 1001 703 1090 potuit
724 1003 794 1089 ipse
816 1002 1007 1069 Aristoteles
1027 1003 1061 1068 in
1083 1003 1216 1071 diversis
1238 1002 1427 1090 praelectio-

272 1119 366 1184 nibus
394 1118 456 1183 hoc
483 1116 599 1182 illudve
626 1115 727 1202 megia
756 1123 813 1180 aut
840 1114 946 1184 minua
970 1114 1127 1202 explicare
1156 1124 1190 1181 et
1210 1115 1306 1202 pnulo
1334 1129 1428 1180 secus

272 1251 461 1317 proponere.
507 1229 558 1294 Ad
580 1225 656 1313 quid
678 1225 759 1293 exile
780 1223 875 1312 igitur
894 1207 1062 1294 revocetur
1081 1226 1242 1314 quaestio,
1265 1226 1429 1312 quodnam

273 1343 315 1408 sit
337 1341 510 1428 genuinum
524 1337 705 1405 Aristotelis
728 1336 769 1403 de
788 1334 935 1404 Moribus
958 1359 1051 1424 opus,
1072 1338 1172 1404 vides.
1210 1339 1295 1405 Vero
1317 1346 1429 1404 tumen

272 1453 477 1532 simillimum,
500 1451 706 1518 Aristotelem
724 1449 792 1536 jem
811 1449 918 1535 ipsum
939 1451 1035 1516 hasce
1050 1449 1178 1536 quidem
1196 1449 1429 1535 praelectiones

272 1588 312 1632 ex
339 1565 497 1632 schedulis
523 1563 591 1630 sule
619 1563 654 1628 in
680 1559 828 1628 ordinem
855 1560 1016 1648 πὼςὶεω
1044 1569 1097 1640 ot,
1127 1560 1244 1640 civis,
1272 1561 1339 1626 iilic
1368 1583 1429 1627 suo

271 1679 408 1760 dicasse3
433 1676 518 1764 quod
541 1674 722 1760 exemplum
738 1671 851 1738 Cicero
868 1673 1011 1740 imitatus
1028 1681 1125 1752 esset,
1147 1673 1259 1738 Marco
1273 1672 1339 1738 filio
1351 1695 1429 1738 suos

272 1789 312 1855 de
342 1789 466 1856 Officiis
500 1810 572 1853 cum
601 1785 721 1852 dicaret
750 1784 859 1850 libros.
911 1785 1012 1854 Quod
1044 1805 1120 1852 vero
1149 1783 1277 1851 Samuel
1301 1783 1429 1850 Petitur

272 1901 381 1968 mrdtis
414 1899 518 1968 verbis
550 1897 685 1984 probare
717 1906 867 1978 conatu,
900 1895 1100 1964 Nicomacho
1131 1896 1198 1962 filio
1230 1918 1298 1962 non
1328 1896 1430 1962 hrisse

271 2015 423 2100 iuscripta
436 2013 516 2080 haec
526 2011 643 2078 Ethioa
653 2009 694 2076 eb
704 2009 889 2091 Aristotele,
899 2009 958 2076 sed
969 2009 1104 2075 alterum
1113 2029 1186 2075 esse
1196 2008 1431 2078 Nicomachum

272 2123 313 2192 ob
335 2127 403 2212 ejus
426 2124 492 2190 filio
512 2124 617 2208 deque
639 2123 707 2208 ejus
730 2121 841 2190 amicis
862 2143 972 2201 mum,
993 2121 1028 2186 id
1045 2120 1123 2186 mihi
1143 2119 1313 2188 levioribus
1333 2142 1430 2207 argu-

270 2236 389 2302 mentis
418 2235 477 2302 niti
503 2234 637 2302 videtur.
666 2269 705 2282 -
743 2233 837 2318 Piget
861 2231 914 2298 hic
941 2239 1086 2320 repetere
1112 2233 1247 2299 aliorum
1275 2253 1431 2319 measque

270 2348 371 2434 ipsius
399 2346 556 2426 rationes,
585 2344 699 2432 quibus
725 2344 851 2432 optimo
872 2345 945 2432 jure
972 2364 1050 2431 prae
1077 2345 1192 2412 ceteris
1210 2345 1431 2414 Nicomachus

270 2460 387 2528 Ethioa
414 2458 588 2546 genuinum
615 2456 796 2527 Aristotelis
822 2478 904 2544 opus
938 2456 1046 2526 vocari
1072 2457 1208 2544 possint.
1259 2457 1295 2522 ld
1323 2457 1430 2524 solum

270 2572 398 2653 addam,
419 2571 482 2638 hoc
503 2569 685 2638 Aristotelis
707 2591 801 2655 opus,
822 2575 860 2635 ut
880 2568 1002 2654 reliqun
1023 2567 1146 2650 omnia,
1166 2589 1209 2635 ex
1229 2567 1429 2636 brevioribus

272 2681 595 2750 commentationibus
632 2679 885 2747 consarcinatum
922 2679 1039 2763 unns,
1076 2702 1158 2768 quae
1190 2672 1327 2767 quidem
1355 2681 1429 2747 viro

271 2791 446 2858 Aristotele
473 2792 506 2858 in
527 2793 631 2862 lucem
652 2789 845 2878 proderint,
873 2811 947 2856 cum
968 2813 1175 2879 unaquaeque
1196 2791 1381 2878 disciplina,
1412 2815 1430 2858 e

271 2927 335 2991 qua
363 2912 530 2990 excerptae
558 2903 692 2983 riserint,
724 2901 762 2970 in
790 2900 1006 2968 admirabilem
1032 2902 1123 2968 illum
1150 2925 1246 2990 quem
1272 2902 1430 2971 habemus

270 3016 416 3087 ordinem
442 3017 510 3103 jam
538 3015 579 3084 nb
605 3015 678 3102 ipso
707 3013 881 3082 Aristotele
909 3014 979 3082 sire
1004 3015 1145 3100 quodam
1173 3016 1244 3102 eiua
1271 3016 1431 3102 discipulo

269 3131 414 3208 reducta,
453 3127 487 3192 in
525 3126 613 3194 libris
642 3125 826 3194 Aristotelis
859 3147 957 3194 runnu
989 3126 1114 3213 scriptis
1149 3127 1339 3208 ‘latitaverib
1375 3129 1432 3214 qui

271 3240 449 3308 hereditate
468 3239 512 3307 ad
525 3238 621 3308 Nelei
641 3239 782 3324 prolem,
804 3247 842 3304 ut
862 3247 976 3306 notum
999 3248 1061 3320 ast,
1082 3237 1272 3321 ommuni,
1292 3239 1327 3304 in
1349 3241 1431 3306 mlta

270 3352 325 3418 illa
345 3350 551 3418 subterraneo
571 3351 706 3438 Scepsis
732 3349 912 3417 abscondih'
937 3352 1084 3432 hremnt,
1112 3352 1215 3418 donec
1234 3351 1430 3437 Apollonius

271 3464 370 3550 rejus
393 3472 427 3530 et
448 3463 594 3530 Rhodius
616 3463 818 3532 Andronicus
837 3484 897 3529 eas
921 3462 1087 3530 ediderint.
1130 3465 1298 3550 Legunhrr
1320 3473 1430 3530 nutem

271 3576 578 3644 commentationum
593 3576 717 3644 illerum
738 3575 783 3642 de
790 3573 937 3642 Moribus
960 3575 1044 3642 tituli
1064 3575 1098 3640 in
1117 3575 1253 3642 elencho
1274 3575 1428 3644 librormn

270 3688 453 3756 Aristotelis
484 3688 570 3774 apud
604 3687 786 3774 Diogenem
813 3686 978 3753 Laertium
1014 3687 1074 3771 (V,
1102 3687 1132 3772 h.
1162 3686 1316 3772 22.-2t)=
1361 3683 1429 3771 περὶ

269 3791 377 3881 ἀρετῶν
399 3799 484 3882 (Lib.
499 3799 537 3880 ΙΙ,
552 3799 603 3880 lll,
627 3823 654 3864 c.
678 3799 818 3878 6—fin,
839 3797 894 3878 lv,
917 3807 1100 3866 rrostrmum
1121 3799 1340 3884 Ethioom),
1361 3795 1429 3882 περέ

270 3907 400 3976 ἑκουσίου
423 3911 508 3995 (Lib.
529 3911 583 3990 III,
606 3934 634 3978 c.
656 3912 741 3994 1-5);
764 3905 829 3994 περὶ
851 3907 1029 3996 dmsoodrqr
1052 3909 1217 3995 (Lic.l⁷.);
1240 3906 1307 3996 arpi
1328 3911 1428 3995 φιλίας

271 4019 356 4108 (Lib.
364 4021 525 4107 vlu-hi),
542 4018 609 4107 περὶ
622 4016 720 4108 ἡδονῆς
729 4025 784 4108 (Χ,
795 4045 824 4089 c.
835 4021 904 4106 1-5)
917 4031 978 4090 etc.
1000 4023 1191 4109 Plerumque
1200 4025 1287 4088 enim
1297 4045 1366 4089 non
1376 4025 1428 4089 in-

269 4134 896 4220 tegraoperaAristotelis,sedsingulos
905 4133 1196 4220 librosrelsinguln
1204 4135 1368 4202 volum'ms
1378 4137 1429 4202 di·

271 4267 433 4314 versarum
441 4245 678 4332 disciplinarum
684 4248 847 4333 Diogenes
858 4247 1098 4314 inelenchosuo
1106 4248 1313 4314 enumerarit.
1326 4249 1427 4315 crde

270 4369 340 4426 tcta
351 4361 412 4426 hac
429 4357 666 4444 disquisitiones
690 4359 792 4427 Cicer.
808 4361 848 4426 de
859 4359 931 4427 Fin.
944 4362 984 4439 V,
996 4362 1034 4441 53
1058 4361 1145 4427 Sam.
1160 4359 1257 4426 Potiti
1266 4363 1426 4427 Miscella-

269 4493 394 4540 necmm
414 4471 455 4538 1..
472 4469 526 4551 lv,
549 4493 578 4540 c.
597 4471 650 4553 10,
671 4494 705 4560 p.
728 4470 863 4543 53·63·
888 4473 995 4540 Gerre
1015 4472 1048 4538 in
1069 4473 1265 4560 praelatione
1287 4472 1426 4541 versioni
