3064 5036
617 362 742 418 editionis
764 361 868 432 prioris.
1282 359 1322 414 lX

256 559 291 622 ln
315 561 507 626 bibliotheca
528 560 629 646 Regia
651 561 822 626 Parisiensi
847 569 973 624 exstant
996 559 1026 622 in
1057 559 1237 623 universum
1262 582 1322 622 un-

166 684 269 748 decim
293 684 421 750 codices
444 683 650 769 manuscripti
672 684 856 750 Etbicorum
880 683 1177 747 Nicomacheorum.

256 807 324 872 Mei
346 807 474 872 codices
498 829 562 870 non
587 807 626 872 ad
650 829 761 872 omnes
784 808 873 872 locos
897 805 1001 872 collati
1018 817 1102 885 sunt,
1126 807 1182 870 sed
1206 807 1244 870 ad
1267 827 1325 870 eos

160 907 286 1011 solum,
318 953 398 1016 quos
425 932 552 1016 majoris
576 932 730 996 momenti
753 932 920 1009 duxeram,
952 931 1067 1014 quique
1097 931 1237 993 nondum
1267 951 1327 1013 per

165 1054 361 1139 reliquorum
384 1053 529 1118 codicum
552 1052 707 1118 lectiones
730 1054 775 1118 ita
798 1064 889 1118 erant
905 1053 1081 1130 constituti,
1105 1063 1142 1115 ut
1164 1052 1242 1116 nihil
1265 1053 1324 1116 du-

165 1177 331 1240 bitationis
355 1176 536 1241 viderentur
555 1149 692 1274 babere.
745 1177 853 1261 ltaque
882 1185 949 1239 tum
981 1176 1109 1268 demum
1140 1175 1240 1238 lector
1268 1196 1326 1240 eos

166 1301 302 1366 collatos
309 1297 476 1384 judicabit,
483 1321 556 1364 cum
569 1299 728 1383 expressis
737 1299 840 1364 verbis
853 1277 967 1364 eorum·
975 1298 1169 1361 mentionem
1178 1297 1326 1383 injectam

164 1423 334 1488 invenerit.
379 1423 520 1486 Partem
532 1443 601 1486 eam
626 1421 779 1486 variarum
793 1422 976 1500 lectionum,
1001 1444 1094 1505 quam
1119 1422 1233 1485 Hosius
1256 1422 1327 1506 ipse

160 1550 233 1632 jam
257 1547 376 1610 dudum
401 1521 526 1611 mecum
549 1533 805 1623 communicavit,
829 1545 867 1609 ad
891 1555 1012 1608 textum
1036 1546 1327 1628 recognoscendum

166 1669 318 1734 adhibere
341 1669 442 1753 potui.
487 1669 597 1734 Altera
619 1690 703 1753 pars,
727 1689 821 1752 qnam
846 1679 921 1752 post
951 1669 1071 1732 editum
1101 1669 1228 1732 demum
1256 1678 1326 1732 tex-

166 1805 237 1856 tum
261 1792 301 1860 ab
324 1793 424 1858 Hasio
448 1793 535 1878 petii,
560 1814 716 1878 quamque
739 1814 797 1876 per
811 1791 999 1876 discipulum
1016 1814 1108 1854 suum
1124 1801 1157 1856 et
1172 1791 1325 1876 collegam

165 1916 329 1980 Millerum
347 1916 607 1981 conscribendam
624 1917 754 1994 cutavit,
780 1916 931 1980 asterisco
947 1915 978 1978 in
996 1914 1231 1979 commentariis
1247 1915 1328 1980 meis

163 2003 290 2118 notata,
306 2039 534 2104 commentario
550 2047 685 2116 tanturn,
701 2061 765 2103 non
780 2039 883 2104 textui
901 2039 1069 2102 utilitatem
1085 2038 1191 2122 potuit
1206 2040 1326 2104 afferre.

167 2163 225 2228 Ob
248 2163 419 2247 repetitum
444 2163 576 2228 eximiae
599 2163 630 2226 in
654 2185 705 2226 me
722 2161 953 2226 benivolentiae
976 2161 1193 2227 testimonium
1210 2164 1327 2248 repeti-

166 2296 218 2350 tas
242 2285 309 2350 viro
333 2285 520 2350 doctissimo
543 2284 659 2369 gratias
682 2285 733 2350 bic
756 2285 881 2369 publice
904 2307 975 2370 ago.

259 2407 384 2494 Reliqui
407 2408 534 2474 codices
558 2410 596 2472 ad
620 2430 732 2472 omnes
761 2408 887 2492 quidem
917 2408 1064 2472 dicuntur
1091 2408 1180 2472 locos
1211 2407 1328 2484 collati,

166 2531 214 2596 ita
236 2541 282 2610 ut,
305 2530 485 2616 ubicunque
510 2531 741 2604 Willrinsonus,
765 2530 900 2608 Zellius‚
926 2531 1138 2609 Cardwellus,
1162 2528 1328 2594 Bekkerus
1424 2547 1426 2551 ‘

168 2655 212 2718 de
235 2655 301 2719 suis
325 2653 458 2739 quisque
481 2655 677 2719 mentionem
700 2677 763 2718 non
792 2655 934 2734 fecerint,
965 2677 1036 2718 cum
1066 2653 1206 2738 ipsorum
1238 2663 1328 2717 textu

169 2778 341 2843 convenire
371 2777 505 2862 putandi
535 2779 609 2842 sint.
662 2779 768 2846 Quam
795 2801 854 2863 ego
879 2779 1045 2842 doctorum
1068 2778 1207 2842 virorum
1229 2777 1327 2841 ratio-

168 2923 246 2966 nem
268 2901 302 2964 in
325 2901 465 2985 ipsorum
489 2901 651 2966 codicibus
676 2901 811 2966 citandis
832 2903 899 2966 fere
923 2923 1050 2984 semper
1072 2911 1201 2965 secutus
1224 2923 1306 2964 sum.

260 3026 305 3088 Et
327 3024 490 3090 Beklrerus
514 3025 641 3110 quidem
664 3025 931 3090 accuratissimam
960 3046 1037 3088 sane
1065 3023 1203 3087 instituit
1231 3023 1328 3087 colla-

169 3148 306 3226 tionem,
329 3149 491 3233 multaque
513 3170 597 3212 nova
620 3148 659 3210 ad
682 3148 916 3212 emendandum
940 3157 1063 3210 textum
1093 3146 1208 3211 attulit.
1253 3146 1328 3210 Plu-

170 3269 260 3334 rimis
284 3279 390 3334 tamen
414 3271 504 3351 locis,
527 3269 648 3346 alieno,
672 3281 708 3334 ut
730 3271 865 3348 videtur,
889 3270 1027 3348 confisus
1050 3269 1182 3354 judicio,
1205 3278 1331 3354 praeter

172 3393 287 3458 Corais
308 3393 491 3474 editionem,
516 3393 776 3458 Cardwellianam
799 3415 925 3479 quoque
953 3393 1172 3458 recensionem
1202 3400 1331 3456 secutus

171 3526 241 3594 est,
270 3517 457 3600 praesertim
486 3517 541 3582 ubi
563 3518 796 3581 Laurentianus
828 3515 995 3581 Cardwelli
1025 3515 1127 3580 codex
1158 3511 1235 3599 (Kb)
1258 3536 1331 3578 cum

171 3662 241 3704 uno
271 3639 410 3704 alterove
438 3639 630 3724 reliquorum
666 3641 766 3724 ipsius
804 3640 948 3703 codicum
986 3637 1146 3702 convenit.
1191 3637 1333 3722 Inspexit

171 3761 301 3827 codices
324 3771 358 3826 et
380 3763 422 3826 ad
434 3783 490 3827 eos
506 3763 606 3841 locos,
630 3763 809 3848 dequibus,
826 3785 897 3827 oum
918 3739 1041 3827 veteres
1057 3761 1196 3826 editores
1212 3761 1331 3824 nullam

170 3883 292 3948 variam
322 3885 454 3949 afferant
482 3885 670 3965 lectionem,
700 3886 892 3968 recentiores
921 3894 954 3950 et
982 3884 1044 3968 ipsi
1072 3883 1239 3950 tacuerint.
1285 3882 1331 3946 lta

168 4007 374 4086 factumest,
399 4017 445 4088 ut,
468 4018 593 4092 praeter
615 4009 691 4073 alias
718 4007 818 4072 varias
842 4008 994 4072 lectiones
1018 4009 1058 4072 ad
1081 4029 1211 4074 sensum
1234 4007 1331 4091 perti-

171 4139 301 4207 nentes,
324 4129 421 4196 verba
442 4154 568 4216 quoque
598 4132 790 4214 transposita
818 4132 849 4194 in
879 4132 946 4216 ejus
975 4131 1115 4222 editione
1143 4129 1253 4196 crebro
1282 4129 1331 4192 in-

169 4253 295 4331 venias,
320 4253 373 4317 ubi
396 4255 581 4339 plerumque
605 4254 778 4320 Cardwello
809 4254 1017 4339 adstipulatus
1041 4276 1059 4318 e
1082 4275 1242 4320 consensu
1268 4253 1332 4316 fere

170 4398 306 4442 suorum
330 4377 474 4442 codicum
498 4377 722 4462 elegantiorem
746 4379 870 4462 vulgata
888 4378 1024 4444 lectione
1048 4385 1235 4444 structuram
1261 4393 1333 4438 ver,
