3064 5036
265 311 302 364 lV
782 312 913 367 Praefatio

264 508 480 580 humaniore
504 507 661 580 Krischii
673 511 886 582 recensione
911 509 1105 604 (Jermtcclte
1134 511 1325 605 ollpencev'ne
1355 512 1417 582 Li-

265 640 564 736 tcrotur-Zeitunp,
589 635 773 712 December
794 641 899 730 1835,
923 639 1177 732 Nocte-232,
1204 641 1420 736 Saea-lle)

264 773 387 865 potuit
415 774 618 867 percipere,
649 795 760 866 quam
791 798 835 846 ex
871 775 1103 847 acerbissima
1141 776 1278 847 Stahrii
1308 777 1422 870 (Neue

264 903 475 976 Jahrbocler
491 905 562 998 fiir
591 906 772 1002 Philolopie
801 905 873 978 eracl
895 906 1116 1002 Paedopopc'lc
1146 907 1228 979 oder
1252 908 1421 982 Karesene

265 1035 464 1125 Bibliothelc,
491 1035 559 1109 Bd.
586 1037 693 1125 xlv,
717 1038 793 1132 Hft.
818 1038 854 1126 8,
885 1039 919 1110 S.
952 1038 1154 1132 371-400),
1179 1041 1283 1134 cujus
1307 1041 1418 1112 inhu-

265 1168 423 1239 manitas
448 1168 635 1240 hominem
659 1169 894 1263 plerumque,
918 1194 995 1242 non
1015 1149 1094 1243 rem
1113 1181 1295 1266 spectasse
1318 1170 1418 1244 vide-

138 1353 141 1358 ,
265 1310 337 1372 tur.
369 1301 474 1374 Quae
487 1301 700 1394 singulatim
724 1301 768 1373 iis
792 1311 859 1373 aut
870 1301 1117 1398 obtemperavi
1141 1313 1207 1376 aut
1231 1312 1420 1376 aversatus

266 1455 357 1520 sum,
382 1433 422 1503 in
448 1434 712 1504 commentario
734 1434 811 1526 jam
836 1458 938 1538 nunc
962 1445 1110 1508 exstant
1134 1439 1279 1532 scripta

363 1561 436 1636 Sed
448 1573 492 1636 ut
503 1564 551 1636 ad
576 1589 619 1637 ea
631 1589 690 1637 me
705 1576 927 1655 convertam,
951 1591 1045 1662 quae
1070 1570 1109 1640 in
1136 1571 1348 1642 universum
1373 1568 1419 1639 de
1519 1600 1520 1686 p

265 1704 369 1767 textu
393 1695 600 1768 Aristotelis
631 1698 890 1769 constituendo
913 1699 1101 1773 Krischius
1125 1701 1313 1797 proponit,
1342 1724 1419 1772 non
1519 1757 1520 1788 ,

265 1829 439 1915 arbitror,
463 1849 558 1921 quae
582 1829 718 1922 passim
741 1829 780 1901 in
812 1831 932 1924 priore
970 1835 1222 1906 commentarii
1259 1833 1419 1906 editione

266 1945 383 2034 fiusius
409 1983 520 2054 quom
544 1960 582 2033 in
597 1961 665 2032 hac
692 1985 790 2034 nova·
799 1961 982 2050 adnotavi,
1007 1987 1139 2058 nempe
1164 1988 1241 2036 uno
1260 1966 1420 2038 alterove

266 2093 405 2180 codice,
435 2094 650 2186 praesertim
681 2092 748 2180 Mb,
772 2095 961 2188 vulgatam
984 2095 1201 2188 plerumque
1226 2098 1307 2184 niti,
1330 2099 1421 2170 haec

267 2227 403 2320 stricte,
428 2235 472 2297 ut
483 2225 673 2298 Krischius
698 2226 735 2319 (l.
748 2227 770 2296 l.
783 2249 817 2319 p.
831 2226 917 2322 397)
942 2227 1031 2314 vult,
1055 2227 1267 2322 accipienda
1292 2238 1330 2300 et
1353 2253 1420 2323 pro

265 2358 443 2452 principio
469 2358 582 2430 totius
596 2357 684 2430 artis
700 2358 846 2430 criticae
858 2357 1031 2453 ponenda
1054 2381 1143 2432 esse.
1179 2358 1421 2432 Infitiandum

266 2485 354 2562 sane
380 2513 456 2562 non
482 2500 548 2579 est,
572 2489 771 2564 editionem
796 2491 998 2585 prinoipem
1023 2491 1069 2562 ab
1095 2515 1170 2564 uno
1190 2491 1312 2564 codice
1335 2515 1420 2585 pro·
1451 2545 1454 2550 -
1521 2516 1522 2584 3

266 2621 400 2696 sectam
424 2648 519 2710 esse,
551 2625 759 2718 saepissime
795 2625 835 2693 in
867 2621 1024 2708 officina,
1047 2596 1421 2714 postquam‘munere
1521 2609 1522 2648 r

266 2779 332 2827 suo
358 2753 552 2826 defunctus
577 2762 644 2840 est,
668 2751 867 2847 deperdito,
892 2761 930 2824 et
944 2760 1139 2844 sequentes
1152 2750 1330 2823 editiones
1354 2774 1421 2846 per

265 2886 406 2978 aliquot
429 2884 574 2958 saecula
598 2885 694 2955 hanc
717 2883 826 2977 primi
851 2892 973 2954 textus
998 2881 1245 2955 conditionem
1259 2907 1421 2958 servasse

265 3017 496 3112 reliquosque
510 3015 621 3088 libros
646 3039 669 3087 a
693 3015 779 3086 viris
793 3012 910 3086 doctis
926 3013 972 3086 ad
986 3037 1030 3086 ea
1044 3015 1121 3086 sola
1138 3015 1219 3086 loca
1236 3016 1421 3110 inspectos

266 3150 394 3238 fuisse,
426 3148 636 3242 quaeipsis
675 3147 851 3242 gravioris
875 3147 1053 3219 momenti
1083 3169 1162 3220 esse
1192 3147 1421 3221 videbantur.
1450 3161 1461 3171 '

178 3270 188 3286 ’
266 3283 395 3374 Neque
420 3280 623 3367 abnuerim,
647 3288 691 3351 ut
715 3277 816 3352 addit
829 3279 1029 3368 Krischius,
1042 3278 1249 3354 Bekkerum
1272 3281 1423 3376 vulgata

265 3413 453 3486 meliorem
475 3412 728 3484 recensionem
751 3420 930 3506 perpetua
948 3411 1114 3484 codicum
1138 3435 1289 3484 suorum
1313 3413 1423 3486 colla-

266 3547 367 3618 tione
404 3545 628 3617 constituere
672 3543 838 3616 voluisse.
909 3543 1010 3617 Quin
1059 3553 1167 3640 puto,
1211 3543 1422 3637 ubicunque

266 3677 453 3750 Bekkerus
487 3677 597 3748 tacite
629 3698 694 3749 seu
727 3675 825 3768 solus¹
858 3699 923 3748 seu
954 3673 1203 3772 adstipulante
1228 3677 1423 3748 Parisiensi

267 3808 369 3881 Zellii
409 3809 598 3902 vulgatam
645 3809 860 3895 correxerit,
902 3831 966 3881 sex
1002 3775 1076 3880 vel⁰
1104 3818 1242 3902 septem
1281 3806 1424 3880 codices

267 3940 516 4012 vadimonium
541 3940 629 4011 satis
654 3938 803 4012 firmum
827 3963 944 4013 novae
968 3940 1135 4012 lectionis
1159 3939 1287 4012 facere.
1337 3937 1423 4012 Non

267 4073 386 4145 ausim
410 4069 604 4158 emanare,
629 4080 667 4142 et
690 4071 909 4160 Bekkerum,
931 4072 1058 4143 multis
1083 4070 1171 4142 locis
1196 4072 1307 4143 unius
1332 4070 1424 4142 alte-

268 4205 389 4277 riusve
413 4201 546 4276 codicis
571 4205 782 4276 auctoritati
805 4203 915 4275 nimis
946 4203 1146 4307 faventem,
1177 4204 1217 4276 in
1247 4210 1426 4298 perpetua

266 4333 438 4432 vulgatae
469 4336 674 4411 mutatione
712 4345 749 4408 et
780 4337 917 4434 ipsum,
956 4345 999 4412 ut
1038 4334 1195 4410 editores
1232 4333 1426 4434 principeS,
