3064 5036
278 342 366 402 navt
695 339 865 413 coum
884 339 946 396 aaa
964 341 1001 396 x.

417 538 461 602 dl.
483 541 643 598 Refutamur
672 542 719 614 qui
739 543 849 609 dicunt,
871 545 1035 614 uoluptatem
1061 559 1116 598 non
1142 557 1200 598 csse
1226 541 1343 608 boum,
1368 543 1427 613 quia

484 624 628 677 nonnullae
648 625 800 693 voluptates
821 623 874 676 sint
895 632 985 695 turpes
1006 633 1034 678 et
1053 615 1208 696 probrosae.
1230 625 1256 688 §-
1279 616 1386 678 9-15.

459 720 482 759 a.
505 702 594 756 Prima
614 704 722 759 solutio.
744 704 848 774 Turpes
867 707 1019 775 voluptates
1038 721 1093 758 non
1108 721 1155 776 per
1175 721 1204 758 se
1219 702 1351 772 jucundas
1365 719 1428 766 esse,
1513 701 1514 766 ζ

507 782 555 836 sed
575 784 644 836 male
665 783 774 838 affectis.
796 786 822 848 8.
843 778 871 840 9.

459 863 483 918 l.
505 863 628 917 Secunda
648 863 756 917 solutio.
794 864 966 934 Voluptatem
988 881 1045 918 esse
1064 881 1113 934 per
1133 880 1161 918 se
1182 863 1367 932 expetendam,
1386 862 1430 917 sed

505 960 560 996 non
581 960 648 1013 quae
669 944 785 997 erebus
806 943 927 1014 turpibus
948 945 1139 1016 proficiscatur.
1161 945 1187 1008 S.
1210 937 1255 1000 10.

461 1037 480 1078 e.
501 1021 592 1078 Tertia
618 1023 726 1080 solutio.
760 1023 854 1095 Specie
880 1027 1031 1096 voluptates
1057 1025 1127 1078 inter
1146 1041 1175 1078 se
1202 1023 1320 1088 differre,
1346 1023 1385 1078 ita
1404 1029 1431 1078 ut

500 1121 568 1174 quae
594 1121 609 1157 e
637 1103 715 1158 rebus
743 1103 864 1158 honestis
890 1104 1032 1175 capiuntur
1056 1121 1105 1176 per
1133 1121 1161 1159 se
1189 1104 1351 1174 expetendae
1373 1107 1431 1170 sint,
1514 1125 1515 1178 i

501 1183 568 1237 aliae
588 1201 621 1237 ne
641 1184 804 1256 expetendae
824 1185 932 1256 quidem
952 1203 1038 1257 neque
1059 1184 1155 1240 bonae.
1177 1187 1203 1251 §-
1227 1179 1355 1245 11-15.

351 1281 373 1317 c.
393 1262 543 1332 Explicatio
565 1265 718 1336 voluptatis.
740 1283 763 1318 o.
784 1260 872 1321 4-5.
908 1325 911 1336 q

380 1369 406 1401 a.
429 1342 543 1413 Caput
564 1352 739 1414 quartum:
761 1345 802 1398 De
823 1347 939 1398 essentia
959 1346 1104 1415 voluptatis
1125 1344 1152 1398 in
1173 1363 1278 1415 genere.
1299 1345 1432 1407 Quidnam

345 1418 348 1424 “
431 1422 465 1475 sit
487 1426 616 1493 voluptas,
637 1432 663 1478 ct
683 1425 821 1495 quomodo
843 1443 949 1479 omnem
972 1425 1154 1495 operationem
1175 1427 1303 1496 perficiat.

419 1527 465 1560 aa.
486 1503 560 1564 Quid
580 1505 704 1574 voluptas
723 1521 779 1558 non
800 1505 842 1561 sit.
868 1506 1040 1576 Voluptatem
1060 1521 1115 1559 non
1139 1522 1197 1560 esse
1225 1505 1327 1560 motum
1349 1523 1432 1577 neque

487 1592 584 1637 ortum.
606 1585 629 1651 §.
651 1579 737 1640 1-5.

487 1679 511 1717 a.
551 1664 722 1734 Voluptatem
743 1664 770 1717 in
791 1666 886 1736 quovis
907 1666 1036 1735 temporis
1055 1673 1193 1718 momento
1207 1664 1352 1736 perfectam
1368 1683 1432 1730 esse,

550 1752 651 1798 motum
661 1752 751 1799 autem
759 1744 913 1815 inpluribns
921 1745 1162 1816 demumtemporia
1172 1744 1302 1815 partibus.
1313 1747 1337 1813 §.
1349 1741 1432 1801 1-4.
1501 1745 1504 1752 ’

488 1822 512 1876 l).
549 1824 619 1878 Fieri
639 1841 693 1877 non
707 1841 796 1894 posse,
817 1831 848 1878 ut
868 1823 927 1896 quis
942 1834 1088 1888 moveatur,
1108 1824 1161 1878 nisi
1182 1825 1210 1878 in
1231 1833 1351 1896 tempore
1358 1848 1367 1891 ;
1389 1825 1433 1880 sed

552 1912 582 1958 ut
602 1905 739 1975 voluptate
760 1904 898 1970 alliciatur,
917 1921 1006 1975 posse.
1027 1906 1050 1972 §.
1072 1902 1099 1960 5.

417 1995 465 2056 pp.
488 1982 560 2044 Quid
581 1985 704 2054 voluptas
726 1984 767 2038 sit.
808 1983 938 2038 Naturam
966 1984 1023 2053 ejus
1049 1983 1078 2038 in
1105 2001 1137 2038 eo
1163 1983 1279 2056 positam
1307 2002 1381 2053 esse,
1406 1993 1435 2039 ut

490 2081 597 2118 omnem
618 2065 800 2135 operationem
821 2064 948 2135 perficiat.
970 2066 993 2132 §.
1014 2058 1101 2120 6-9.

490 2159 514 2197 a.
551 2143 770 2215 Unamquamque
804 2145 988 2215 operationem
1011 2142 1231 2212 jucundissimam
1252 2161 1310 2198 csse
1330 2152 1359 2198 et
1379 2163 1435 2216 per-
1516 2205 1517 2226 p

505 2253 507 2258 ·
550 2222 732 2286 lectissimam,
753 2222 829 2292 cujus
855 2223 967 2278 facultas
993 2224 1061 2278 bene
1088 2224 1183 2278 affecta
1206 2232 1248 2278 est
1273 2224 1307 2278 ad
1333 2241 1435 2290 eorum,
1516 2269 1517 2292 .

551 2320 619 2374 quae
640 2303 689 2357 sub
710 2303 797 2374 ipsam
817 2303 924 2367 eadunt,
945 2306 1084 2375 optimum.
1106 2307 1131 2369 S.
1153 2298 1181 2360 6.

490 2385 514 2440 lt.
552 2383 743 2454 Operationem
763 2403 779 2437 a
799 2386 934 2455 voluptate
948 2384 1048 2455 perfici,
1062 2401 1116 2438 non
1132 2392 1221 2438 tamen
1236 2383 1331 2438 codem
1345 2385 1436 2448 modo,

551 2481 604 2535 quo
625 2483 667 2520 res
688 2466 778 2601 seqsui
799 2464 919 2535 subjecta
939 2471 966 2520 et
986 2481 1081 2520 sensus
1101 2464 1160 2535 ipse
1175 2463 1358 2534 operationem
1380 2484 1436 2536 per·

552 2546 654 2599 ficiunt.
676 2547 698 2613 ᾗ.
742 2586 748 2601 .

490 2641 508 2680 e.
555 2626 727 2696 Voluptatem
747 2627 775 2678 in
796 2641 961 2695 unoquoque
982 2641 1061 2678 sensu
1083 2641 1194 2696 semper-
1214 2622 1436 2695 perfectissimam
1517 2689 1518 2696 ἵ

551 2703 677 2770 futuram,
698 2705 844 2760 dummodo
858 2713 965 2775 praesto
991 2707 1026 2758 sit
1051 2707 1182 2777 optimum
1209 2703 1325 2776 quidque
1354 2722 1435 2776 agens

551 2792 578 2837 et
598 2785 710 2853 patiens.
731 2786 754 2851 §.
775 2777 803 2840 8.

487 2867 510 2920 b.
548 2864 642 2917 Perfici
663 2864 845 2934 operationem
865 2881 881 2918 a
902 2865 1038 2936 voluptate
1057 2883 1113 2919 non
1132 2872 1258 2936 tanquam
1279 2863 1375 2918 habitu
1392 2883 1436 2937 pc·

550 2942 623 2997 nitus
643 2944 734 3010 insito,
748 2945 796 2998 sed
808 2954 935 3016 tanquam
956 2947 1008 2998 fine
1021 2947 1138 3016 quodam
1157 2945 1344 3016 subsequente.
1363 2947 1387 3014 §.
1409 2940 1434 3000 9.

420 3023 664 3095 φγ..(;ὶιιιιιῖίοιιει
697 3027 838 3080 nonnullae
873 3027 1011 3080 solvuntur
1045 3025 1079 3078 ad
1112 3025 1270 3080 declaranda
1302 3026 1434 3098 quaedam

488 3105 632 3174 voluptatis
653 3105 809 3158 accidentia.
831 3107 854 3173 §.
878 3098 1003 3162 10-12.

492 3201 515 3241 o.
553 3185 712 3255 Perpetuam
733 3187 896 3256 voluptatem
918 3184 992 3255 gigni
1019 3202 1075 3238 non
1102 3203 1198 3261 posse,
1225 3184 1289 3256 quia
1315 3187 1437 3256 operatio

553 3282 607 3318 non
628 3273 669 3318 est
689 3265 805 3332 assidua,
825 3274 852 3319 et
873 3267 1000 3318 nonnulla
1019 3283 1074 3318 non
1095 3266 1242 3332 delectant,
1264 3265 1317 3318 nisi
1343 3283 1436 3338 quam·

554 3344 599 3398 diu
620 3362 689 3398 nova
709 3353 780 3398 sunt.
802 3347 827 3410 S.
850 3337 895 3400 10.

490 3425 514 3480 l.
553 3425 655 3480 Omnes
676 3424 775 3478 idcirco
796 3432 917 3495 expetere
939 3426 1117 3496 voluptatem,
1145 3425 1219 3498 quod
1246 3426 1331 3491 vitae,
1361 3424 1435 3495 cujus

553 3521 646 3560 omnes
667 3504 756 3584 cupidi
777 3513 847 3570 sunt,
869 3507 1050 3575 operationem
1071 3506 1180 3576 perficit.
1202 3508 1227 3570 §.
1251 3499 1296 3561 11.

491 3603 510 3640 t.
554 3585 594 3639 Ne
616 3603 782 3656 quaeramus,
803 3593 895 3640 utrum
912 3584 966 3638 rita
984 3595 1095 3656 propter
1122 3587 1301 3656 voluptatem,
1329 3603 1364 3639 an
1391 3603 1437 3638 ro·

552 3668 640 3736 luptas
660 3673 771 3737 propter
791 3664 873 3720 vitam
893 3672 1041 3736 expetatur,
1065 3683 1126 3720 cum
1151 3668 1264 3720 alterum
1291 3665 1325 3720 ab
1353 3667 1436 3720 altero

553 3745 657 3816 sejungi
677 3763 734 3800 non
753 3745 847 3816 possit.
868 3747 895 3811 §.
919 3742 968 3804 15.

381 3839 409 3900 β.
431 3826 544 3897 Caput
564 3828 738 3897 quintum:
760 3827 918 3897 Voluptates
937 3825 1007 3880 inter
1027 3844 1056 3881 se
1077 3823 1164 3897 specie
1188 3824 1301 3880 differre.

422 3933 467 3968 aa.
490 3907 583 3977 Specie
597 3905 700 3962 differre
718 3908 871 3976 voluptates
887 3924 901 3962 e
925 3906 1079 3976 diversitate
1093 3907 1289 3977 operationum.
1305 3907 1331 3970 S.
1349 3897 1437 3961 1-6.

462 4001 485 4042 a.
506 3986 595 4041 Prima
620 3988 697 4043 ratio.
735 3985 918 4042 Perfectioncs
944 3988 1130 4058 operationum
1158 3985 1246 4057 specie
1273 3985 1436 4041 diversarum

509 4067 625 4122 diversas
646 4084 704 4122 esse
724 4066 824 4138 specie.
846 4069 872 4132 §-
896 4062 921 4124 1.
943 4097 981 4112 -—
1003 4069 1029 4133 §-
1051 4061 1117 4134 2,1.
1139 4060 1165 4122 3.

462 4146 486 4202 lt.
509 4147 630 4201 Secunda
640 4147 717 4202 ratio.
730 4148 948 4218 Unamquamque
960 4149 1133 4218 voluptatem,
1144 4163 1203 4200 cum
1215 4143 1365 4216 operationi
1375 4161 1436 4198 snae

511 4224 653 4294 conjuncta
677 4226 712 4278 sit
738 4234 833 4296 utpote
863 4243 971 4298 augens,
991 4245 1065 4294 eam,
1094 4225 1128 4281 ab
1163 4227 1250 4280 aliena
1282 4225 1436 4296 operatione

512 4305 600 4376 specie
621 4323 678 4358 esse
700 4305 839 4359 diversam.
864 4307 887 4373 §.
908 4300 937 4360 2.

466 4399 484 4441 t.
506 4385 598 4438 'l'ertia
618 4384 694 4440 ratio.
716 4384 783 4438 Cum
806 4387 906 4439 alienae
927 4387 1078 4457 voluptates
1099 4383 1248 4456 operationi
1269 4382 1362 4454 cuique
1382 4381 1436 4436 sint

511 4463 702 4536 impedimento
723 4481 806 4536 aeque
827 4481 858 4520 ac
878 4463 961 4535 ipsius
981 4465 1103 4530 dolores,
1123 4463 1247 4535 propriae
1277 4470 1366 4518 autem
1393 4477 1436 4515 sc·
