3064 5036
515 350 589 406 nias
610 353 631 407 1.
672 353 738 424 cap.
759 353 798 407 iv
819 353 873 422 (n).
1219 347 1272 420 21·

107 580 139 634 et
161 569 354 654 analyticam
369 571 563 636 'methodum
578 591 810 654 nuncupamus.-
842 572 1083 636 Demonstratio
1098 593 1156 657 per
1171 574 1268 657 syllo‚

106 682 228 766 gismos
252 704 271 745 a
293 681 473 766 principiis,
503 683 645 748 inductio
674 684 714 747 ad
735 683 890 768 principia
917 683 1134 768 proficiscitur.
1181 687 1268 749 Ana-

105 794 181 878 lysis
205 813 325 878 nempe
355 815 374 857 a
397 793 604 880 singularibus
633 795 673 858 ad
700 795 889 860 universalia
919 796 1079 874 ascendit,
1108 797 1268 880 synthesis

106 915 220 972 contra
242 904 290 969 ab.
304 905 534 972 urdversalibus
558 907 598 972 ad
621 906 790 990 singularia
804 907 978 972 descendit.
1016 908 1140 972 Neutra
1159 919 1268 974 tamen

106 1018 262 1082 methodo
278 1017 469 1084 Aristoteles
489 1041 567 1084 usus
590 1028 640 1084 cst
663 1039 786 1084 summa
807 1039 912 1083 rerum
934 1018 1088 1104 principia
1110 1021 1142 1083 in
1161 1022 1267 1085 Meta-

105 1129 248 1215 physicis
272 1131 493 1214 contemplans
500 1147 521 1208 ,·
541 1153 613 1196 cum
635 1129 804 1214 principia,
835 1130 863 1194 si
886 1131 1095 1195 demonstrari
1123 1143 1268 1216 possent,

101 1245 167 1328 jam
191 1263 260 1306 non
282 1252 392 1307 essent
412 1243 583 1328 principia3
607 1244 665 1308 sed
687 1265 728 1306 ne
750 1241 944 1326 experientia
966 1241 1092 1329 quidem
1115 1244 1270 1330 principia

107 1355 235 1440 gignere
258 1363 378 1437 potest,
401 1354 543 1440 quamvis
567 1365 660 1419 acuat
682 1349 804 1434 oculos,
826 1364 864 1418 ut
877 1354 962 1420 dicet
982 1355 1063 1420 infra
1086 1356 1153 1437 (VI,
1169 1379 1196 1422 o.
1215 1358 1267 1438 ll,

108 1468 135 1551 §-
159 1467 204 1548 6),
229 1465 271 1530 ad
292 1467 496 1552 percipienda
517 1466 679 1551 principia.
719 1465 793 1552 Ipsa
815 1466 908 1550 igitur
931 1487 987 1550 per
1010 1489 1045 1531 se
1065 1478 1098 1533 et
1119 1491 1177 1534 sua
1194 1470 1268 1535 'luce

108 1581 297 1644 clarescunt.
322 1619 366 1630 —
388 1571 525 1662 Πλάτων)
554 1581 605 1644 Ne
629 1579 679 1644 hic
702 1601 774 1644 cum
797 1579 927 1644 Murato
957 1579 1087 1665 aliisque
1111 1581 1150 1646 dc
1174 1575 1267 1666 ἀγροί..

108 1701 170 1772 φοις
195 1685 324 1777 δόγμασι
353 1690 497 1755 Platonis
520 1691 712 1776 cogitemus3
743 1700 867 1776 spectat
889 1692 974 1756 enim
996 1692 1186 1758 Aristoteles
1208 1715 1267 1758 nc-

107 1803 269 1868 tissimum
291 1803 434 1868 Platonis
455 1804 562 1868 locum
588 1803 622 1868 in
644 1805 708 1868 fine
728 1803 799 1870 libri
821 1803 873 1870 Vl.
897 1805 937 1868 de
960 1804 1151 1890 Republica,
1182 1807 1268 1892 quod

106 1925 139 1980 et
160 1915 299 1980 Zellium
322 1915 412 1999 fugit.
437 1953 476 1966 -
502 1909 620 1997 οἶρκτέον
641 1913 690 2002 μὲν
711 1909 779 1999 γάρ)
809 1915 867 1995 „ln
891 1917 1058 2001 cujuslibet
1078 1917 1125 1981 rei
1150 1927 1266 1981 tracta-

107 2029 230 2102 tione‚“
254 2027 359 2112 inquit
373 2028 530 2107 Muretus,
553 2028 764 2108 „ordiendum
785 2037 835 2092 est
849 2051 868 2091 a
883 2027 1091 2092 clarioribus“
1112 2038 1146 2093 et
1167 2030 1267 2115 magis

106 2139 211 2202 nutis:
243 2131 283 2202 rel
306 2137 391 2224 σαφῆ
413 2147 538 2218 autem,
563 2141 738 2205 secundum
762 2139 977 2219 Eusuatium,
1008 2144 1055 2204 dei
1071 2147 1268 2226 προηγεῖσθαι

108 2251 161 2315 τών
184 2243 319 2332 οἶσαῲών.
354 2251 408 2316 Sic
427 2253 547 2316 Noster
569 2252 697 2337 inTop.
714 2252 766 2331 Vl,
790 2254 828 2320 4:
851 2250 1016 2338 γνωρΐζομεν
1037 2245 1063 2317 d'
1086 2247 1137 2318 οὐκ
1161 2255 1191 2318 ἐκ
1214 2253 1268 2319 τῶν

106 2357 269 2456 τυχώγτων,
294 2356 358 2428 ἀλλ’
382 2363 413 2427 ἐκ
436 2361 490 2428 τών
517 2363 662 2446 προτέρων
689 2359 738 2427 καὶ
766 2363 991 2448 γνωριμωτέρων.
1038 2365 1267 2444 Quamobrem,

107 2477 134 2540 si
164 2475 299 2540 clariora
333 2483 366 2540 et
395 2476 494 2561 magis
528 2484 606 2539 nota
635 2475 802 2558 dupliciter
828 2476 976 2540 dictentur
1010 2479 1136 2560 (nempe
1170 2478 1267 2541 modo

106 2588 315 2666 universalia,
349 2589 446 2652 modo
474 2586 643 2672 singularia
675 2587 784 2671 magis·
804 2595 882 2650 nota
912 2588 1009 2671 sunt),
1044 2609 1140 2653 causa
1170 2587 1266 2654 etiam

107 2708 216 2766 exstat
237 2699 415 2779 sufficiens,
443 2699 550 2766 curin
574 2698 703 2784 singulis
726 2697 867 2764 scientiis
890 2699 972 2764 hanc
993 2701 1118 2765 illamve
1140 2700 1267 2764 metho-

109 2814 185 2881 dum
210 2811 362 2876 adhibere
385 2811 568 2877 debeamus.
613 2811 702 2876 Haeo
725 2819 832 2876 autem
854 2811 899 2875 ita
922 2833 957 2876 se
979 2811 1107 2892 habere,
1131 2811 1268 2900 sequen-

108 2926 152 2990 tia
175 2925 361 2990 ostendent.
379 2961 419 2982 «ι-
435 2921 530 2988 rubra
552 2921 584 2988 dl
607 2922 719 3006 διττῶς)
742 2917 868 3008 γνώριμοι
892 2915 990 3002 ἅπλῶς
1013 2934 1089 2988 sunt
1102 2925 1266 3011 principia,

108 3037 299 3102 universalia
306 3062 315 3116 ;
332 3059 370 3100 ea
382 3035 467 3100 enim
482 3045 558 3101 sunt
571 3057 630 3121 per
641 3057 675 3100 se
687 3036 823 3100 maxime
838 3044 925 3113 nota,
942 3057 1037 3121 quare
1050 3036 1089 3100 ab
1095 3037 1268 3102 Aristotele

110 3152 219 3236 (Phys.
234 3148 259 3227 l,
277 3149 306 3231 1)
325 3149 420 3212 etiam
444 3142 529 3230 φύσει
547 3142 747 3233 γνωριμώτεροι
769 3157 938 3212 vocantur:
962 3143 1088 3234 γνώριμοι
1108 3139 1172 3234 ἡμῖν
1193 3158 1268 3212 sunt

108 3285 159 3328 res
189 3261 382 3344 singulares,
422 3283 500 3346 quas
528 3260 682 3325 sensibus
711 3260 914 3344 percipimus.
966 3259 1093 3346 Itaque,
1125 3262 1267 3346 quamvis

108 3373 249 3460 cognitio
272 3395 379 3438 rerum
407 3372 604 3437 sensibilium
633 3372 675 3436 sit
695 3371 814 3436 facilior
836 3371 929 3460 nobis
958 3382 991 3436 et
1013 3372 1107 3457 primi
1134 3373 1267 3438 adeam

108 3489 258 3565 feramur,
280 3485 454 3570 vulgusque
478 3485 583 3569 ipsum
600 3505 638 3549 ea
656 3506 721 3548 non
743 3493 849 3548 careat
864 3484 1019 3568 (Metaph.
1039 3484 1134 3564 1,2)=
1160 3495 1267 3549 tamen

110 3601 214 3664 minus
239 3597 390 3662 scientiae
412 3605 446 3660 et
467 3597 608 3662 veritatis
630 3597 663 3660 in
684 3594 780 3661 rebus
803 3595 1001 3661 sensibilibus
1024 3596 1119 3674 inest,
1143 3606 1176 3660 et
1198 3607 1267 3660 tum

110 3713 240 3776 demum
263 3709 344 3774 scire
366 3719 532 3792 putamur,
563 3709 590 3772 si
612 3708 817 3788 universalia,
840 3707 1021 3772 difficillima
1044 3708 1173 3792 cognitu
1196 3718 1229 3773 et
1250 3731 1269 3772 a

110 3823 256 3889 sensibus
279 3821 502 3899 remotissima,
524 3821 776 3906 perceperimus3
807 3842 870 3906 quo
893 3821 946 3900 fit,
974 3829 1011 3884 ut
1032 3820 1267 3906 principiorum,

110 3937 228 4022 quippe
259 3955 340 4019 quac
368 3955 435 3996 non
470 3923 535 4019 ἡμῖν
562 3927 769 4019 γνωμιρώτοιτιι
799 3933 880 4010 sint,
916 3932 976 3996 etsi
1006 3923 1104 4012 ἅπλῶς
1133 3922 1154 4017 ἢ
1183 3927 1269 4014 φύσει

109 4041 333 4135 γνωριμώτατα,
357 4045 531 4110 admodum
551 4045 661 4130 pauci,
685 4045 707 4109 ii
728 4054 855 4128 nempe,
880 4044 932 4128 qui
955 4044 1094 4110 divinam
1114 4054 1269 4130 quaerunt

109 4159 358 4236 beatitudinem,
388 4158 409 4220 i.
433 4179 462 4221 e.
485 4157 662 4242 sapientes,
691 4157 862 4242 participes
881 4157 970 4220 fiant.
1015 4155 1172 4241 Principia
1193 4177 1269 4221 vcro

109 4273 180 4338 id'eo
211 4263 414 4356 γνωριμώτεροι
443 4278 533 4347 sunt,
568 4269 654 4354 quod
682 4269 782 4352 ipsius
812 4268 909 4332 animi
943 4277 1088 4334 naturam
1117 4267 1268 4346 efficiunt,

111 4385 315 4471 singularium
346 4390 453 4446 autem
483 4402 587 4445 rerum
623 4379 761 4465 cognitio
790 4403 829 4446 ex
857 4379 994 4446 fortuitis
1023 4381 1269 4465 uniuscujusque

111 4492 371 4582 perceptionibus
398 4493 527 4578 pendet.
580 4493 765 4577 Opponitur
793 4494 885 4558 haec·
903 4491 1083 4556 Aristotelis
1112 4490 1270 4556 sententia
