3064 5036
534 402 660 456 editionis
682 401 797 456 alterius.
1223 405 1246 458 V

92 609 346 697 praeoptatum
389 601 493 672 ill'um
537 599 698 672 codicem
742 610 920 694 tanquam
963 599 1246 674 fundamentum

30 783 32 790 ,
93 738 198 808 totius
230 711 455 806 recensionis
486 733 669 836 posuisse,
706 741 920 824 ceterosque
959 732 1006 804 ad
1045 732 1247 808 difficiliora

91 879 235 942 tantum
272 867 353 938 loca
391 864 557 938 sananda
599 865 781 937 evolvisse.
852 863 923 937 Sed
967 888 1051 938 cum
1094 875 1247 954 constet,

91 999 361 1094 comparatione
386 999 570 1070 variarum
594 998 792 1069 lectionum
817 1021 862 1069 ex
885 997 929 1069 iis
948 997 1131 1070 codicibus
1157 1000 1248 1071 hau·-

92 1143 239 1219 starum,
263 1131 328 1224 qui
354 1139 393 1202 et
416 1130 462 1202 ab
486 1130 565 1224 ipso
589 1139 628 1202 et
652 1130 698 1202 ab
730 1129 809 1201 aliis
840 1130 962 1202 collati
986 1129 1141 1217 fuerint,
1172 1153 1247 1202 non

92 1287 224 1358 paucos
250 1284 403 1350 errores,
426 1271 470 1334 ut
493 1263 532 1334 in
558 1285 634 1334 uno
658 1261 736 1333 viro
770 1271 847 1372 tam
871 1262 989 1334 multa
1012 1274 1247 1358 comparante

93 1397 195 1468 aliter
219 1417 300 1467 esse
324 1417 401 1466 non
413 1393 545 1488 potuit,
568 1393 766 1487 irrepsisse,
790 1395 1081 1486 exspectaverim,
1105 1395 1144 1466 in
1169 1419 1247 1467 om-

12 1549 13 1624 ]
94 1527 199 1598 nibus
231 1527 301 1597 illis
341 1525 439 1611 Iocis,
476 1523 540 1594 ubi
574 1523 724 1618 vulgata
760 1525 910 1596 lectioni
945 1548 1094 1619 prorsus
1132 1551 1247 1599 novae

12 1673 13 1758 J
93 1659 251 1745 cesserit,
274 1657 440 1729 omnium
477 1654 643 1727 codicum
667 1679 887 1728 consensum
912 1665 951 1728 et
975 1659 1161 1752 explicate,
1185 1657 1247 1730 fir-

12 1759 13 1808 ³
92 1789 247 1863 mendae
271 1787 436 1860 lectionis
462 1810 582 1873 causa,
604 1786 806 1858 indicatum
832 1787 951 1860 fuisse.

188 1920 364 1994 Ceterum
394 1930 573 2016 perpetua
610 1919 857 1992 Bekkerianae
888 1921 1055 1993 lectionis
1091 1911 1247 1994 varietas

92 2057 131 2124 in
156 2077 252 2125 nova
275 2076 358 2124 mea
382 2053 543 2124 editione
569 2061 703 2137 exstat,
736 2062 779 2124 ut
809 2063 848 2124 et
877 2052 922 2140 ii,
952 2053 1085 2146 quibus
1109 2051 1248 2125 Bekke-

12 2181 13 2226 Τ
90 2185 195 2256 riano
219 2183 439 2278 exemplaria
461 2184 501 2254 in
526 2192 675 2277 promtu
699 2207 775 2255 non
801 2194 992 2272 sunt‚meo
1018 2209 1038 2256 e
1063 2208 1248 2257 commen-

91 2317 184 2388 tario
221 2315 396 2387 lectiones
431 2315 500 2386 viri
536 2314 634 2387 docti
669 2313 807 2388 discere
853 2316 1005 2410 possint.
1065 2315 1249 2389 Numerus

89 2449 254 2544 capitum
284 2449 324 2518 in
357 2449 508 2520 summis
545 2448 796 2519 commentarii
832 2447 905 2518 mei
941 2447 1085 2540 paginis
1115 2471 1248 2540 paren-

12 2565 13 2568 *
92 2581 189 2652 thesi
221 2579 385 2650 inclusus
416 2579 681 2651 Bekkerianam
710 2579 872 2673 capitum
903 2576 1249 2673 distinguendorum

89 2713 273 2784 rationem
297 2709 421 2798 refert,
444 2712 484 2782 in
510 2712 586 2783 solo
610 2711 703 2782 libro
733 2734 834 2782 nono
865 2708 1074 2784 diversitate
1105 2713 1249 2806 partiti-

89 2845 171 2915 onis
212 2867 288 2914 non
327 2843 442 2915 obvia
504 2843 631 2917 Corsis
671 2851 709 2914 et
747 2843 912 2915 Venetae
944 2841 1131 2950 editionis¹
1156 2867 1250 2937 quae

90 2975 357 3047 commentario
381 2975 619 3048 Eustratiano
644 2975 918 3048 Aristotelicum
949 2985 1108 3063 textum,
1139 2999 1251 3068 quem

89 3098 173 3204 ῥητοί
196 3109 317 3178 vocari
343 3117 623 3196 consueverunt,
646 3108 860 3202 praemittit,
884 3116 1101 3202 perpetuam
1125 3109 1250 3180 lectio·

90 3241 148 3311 niS
174 3239 390 3310 varietatem
420 3237 553 3310 addidi.
608 3237 667 3310 nd
691 3240 802 3313 libros
829 3239 913 3312 VIII
937 3249 975 3312 et
998 3239 1053 3312 IX
1077 3239 1123 3312 de
1159 3242 1250 3312 ami-

91 3371 179 3442 citia
235 3368 455 3442 disserentes
522 3369 721 3442 editionem
782 3371 1095 3460 Fritzschianam,
1156 3395 1250 3465 quae

88 3510 175 3596 post
211 3524 332 3607 meam
368 3500 521 3596 prodiit,
564 3503 779 3596 comparavi.
824 3503 1103 3596 Nonnunquam
1140 3505 1250 3576 tacite

90 3633 189 3704 notis
215 3633 307 3704 meis
332 3631 451 3704 editor
476 3656 564 3705 usus
589 3642 655 3721 est,
678 3635 894 3727 plerumque
918 3635 958 3705 in
985 3641 1088 3706 textu
1113 3637 1250 3707 consti-

92 3762 234 3837 tuendo
265 3787 351 3835 cum
369 3822 372 3826 .
388 3764 553 3837 Bekkero
585 3767 774 3849 convenit;
806 3767 860 3838 ita
889 3775 933 3838 ut
965 3766 1043 3859 ejus
1074 3767 1250 3839 lectiones

90 3921 169 3968 non
194 3895 422 3983 notaverim,
459 3897 530 3968 nisi
572 3921 596 3968 a
632 3895 797 3970 BeIdrero
834 3899 1062 3970 recesserint.
1117 3899 1250 3971 Confe-

90 4027 191 4098 renti
214 4026 375 4119 priorem
403 4049 523 4098 meam
554 4026 753 4102 editionem
783 4053 868 4102 cum
898 4031 968 4102 hac
998 4053 1094 4102 nova
1123 4031 1251 4103 lectori

91 4158 295 4253 apparebit,
319 4179 431 4250 quam
454 4159 572 4233 multa
596 4169 661 4233 aut
685 4163 919 4250 mutaverim,
944 4172 1009 4234 aut
1039 4161 1252 4254 addiderim,

94 4299 137 4360 ut
160 4291 280 4384 magis
304 4291 494 4384 magisque
520 4315 669 4366 sensum
694 4295 900 4367 Aristotelis
926 4318 1033 4389 saepe
1067 4295 1250 4367 obscurio-

95 4445 176 4493 rem
201 4421 452 4516 philosophiae
478 4433 516 4496 et
547 4427 802 4519 grammatices
827 4427 1032 4538 rationibus
1058 4427 1250 4519 explanare
