3066 5032
669 302 838 378 Conspectus
857 301 920 360 libri
938 302 986 362 lx

438 510 463 566 b.
483 511 515 567 In
536 511 699 568 democratia
718 527 826 565 manere
853 510 1000 581 plurimum
1028 509 1175 577 amicitiae,
1194 527 1256 567 cum
1276 511 1350 568 cives
1365 513 1420 567 sim

485 593 554 646 inter
574 609 602 645 se
621 609 707 661 parea.
730 585 755 662 9.
777 583 805 646 9.

358 671 385 746 ζ.
407 672 519 745 Caput
539 671 799 725 duodecimum:
820 670 960 726 Amicitiae
973 671 1116 727 societates
1126 672 1224 743 partim
1238 679 1342 738 natura,
1358 689 1419 744 par-

406 753 455 806 tim
474 751 642 822 pactionibus
663 759 793 805 constare.

398 857 444 890 aa.
465 831 607 886 Civitatem
626 837 653 886 et
673 830 804 901 ejusmodi
824 829 965 885 societates
980 848 1113 886 consensu
1134 839 1162 886 et
1181 840 1260 904 pacto
1282 842 1418 892 constare.

397 1004 444 1064 ββ.
464 907 603 1046 {micinas
624 989 884 1061 consanguineorum
904 1009 920 1044 a
940 998 1035 1044 natura
1055 990 1190 1064 profectas
1215 993 1330 1063 pendere
1359 1010 1420 1046 om-

465 1090 512 1126 nes
533 1090 547 1126 e
567 1079 686 1142 paterna.
709 1065 735 1141 9.
756 1063 839 1126 2-6.

398 1176 448 1220 yy.
463 1151 534 1206 Inter
555 1152 640 1206 virum
660 1158 686 1205 et
705 1169 814 1206 uxorem
835 1148 977 1204 amicitiam
999 1167 1054 1204 nun
1074 1159 1154 1221 pacto
1176 1155 1273 1219 solum,
1300 1152 1348 1206 sed
1370 1171 1421 1206 na·

465 1240 524 1284 tura
543 1232 656 1286 maxime
677 1231 741 1286 fieri.
764 1227 790 1301 9.
811 1224 914 1286 7-10.

329 1329 350 1364 c.
372 1311 412 1365 De
434 1311 664 1366 criminationibus
685 1319 712 1365 ct
731 1311 844 1383 querelis
869 1309 1024 1364 amicorum.
1046 1328 1068 1364 c.
1092 1304 1213 1366 13-14.

358 1416 385 1448 a.
407 1391 520 1462 Caput
542 1393 686 1446 tertium
714 1392 894 1447 decimum:
922 1389 964 1444 De
992 1389 1221 1446 criminationibus
1247 1399 1274 1446 ct
1302 1392 1421 1462 querelis

410 1474 555 1526 amicorum
576 1475 733 1544 aequalium.
1138 1525 1142 1532 .

398 1577 444 1610 aa.
464 1552 603 1622 Ejusmodi
624 1556 744 1626 querelas
764 1556 852 1608 locum
872 1568 928 1604 non
955 1549 1054 1604 habere
1082 1550 1109 1604 in
1137 1551 1253 1604 amicitia
1281 1550 1421 1603 bonorum

467 1641 494 1686 et
514 1635 542 1685 in
563 1651 603 1698 ea,
623 1653 691 1705 quae
712 1644 820 1706 propter
836 1629 1035 1702 jucunditatem
1055 1631 1219 1685 conciliatur.
1243 1625 1269 1700 9.
1292 1625 1378 1685 1-3.

397 1724 445 1785 ββ.
466 1711 497 1765 In
518 1713 649 1767 amicitiae
670 1713 743 1767 utilis
763 1720 874 1784 utraque
895 1713 992 1782 specie,
1021 1711 1075 1766 sive
1096 1711 1216 1781 legitima
1236 1713 1291 1766 sire
1312 1710 1421 1775 morali,

465 1795 584 1864 querelas
605 1793 668 1846 oriri
688 1794 822 1864 plurimas.
846 1785 872 1862 9.
893 1786 976 1848 4-8,

397 1898 447 1942 w·
463 1873 607 1934 Quomodo
642 1873 772 1942 ejusmodi
804 1871 1002 1928 criminationes
1039 1871 1203 1941 praecaveri,
1230 1864 1279 1945 vel]
1300 1879 1376 1926 ortae
1406 1889 1421 1926 e

466 1954 556 2008 medio
577 1956 635 2008 tolli
654 1954 776 2024 possint„
791 1946 817 2024 9.
840 1945 943 2008 9-11.

357 2045 385 2104 p.
407 2033 519 2104 Caput
540 2042 699 2106 quartum
720 2035 902 2088 decimum:
922 2034 964 2088 De
993 2031 1223 2086 criminationibus
1251 2039 1279 2087 et
1303 2033 1421 2106 querelis

411 2115 557 2168 amicorum
577 2115 765 2185 inaequalium.

399 2219 444 2252 aa.
465 2194 605 2263 Ejusmodi
632 2197 732 2248 amicos
760 2193 899 2248 dissentire
927 2199 954 2246 et
978 2193 1036 2246 fieri
1062 2193 1182 2262 querelas
1217 2193 1250 2244 ab
1277 2193 1327 2258 iis,
1357 2194 1423 2266 quia

467 2277 585 2344 postulat
605 2283 722 2346 uterque,
743 2277 853 2344 utplus
875 2273 927 2328 sibi
947 2271 1080 2325 tribuatur
1105 2289 1184 2342 quam
1213 2272 1319 2328 habeat.
1342 2268 1370 2344 9.
1395 2271 1421 2328 l.

397 2366 444 2426 ββ.
466 2355 535 2410 Cum
555 2373 639 2426 aequa
650 2355 770 2408 videatur
782 2355 918 2426 utriusque
929 2351 1085 2422 postulatio,
1106 2351 1209 2405 meliori
1223 2355 1283 2421 plus
1297 2354 1420 2417 honoris,

467 2435 555 2506 egenti
574 2438 634 2506 plus
655 2444 780 2508 quaestus
801 2443 828 2489 et
842 2433 1015 2489 emolumenti
1029 2431 1198 2486 tribuendum
1211 2451 1276 2486 esse.
1292 2429 1318 2507 §.
1333 2427 1419 2488 2-5.

399 2519 487 2584 γγ.Α
507 2516 619 2582 minore,
641 2525 734 2586 utpote
755 2533 859 2586 semper
877 2513 995 2570 melioris
1016 2511 1152 2566 beneficiis
1173 2513 1318 2576 obstricto,
1346 2515 1419 2568 hunc

466 2596 583 2652 abdicari
602 2615 739 2668 nunquam
758 2614 847 2664 posse,
868 2614 884 2648 a
903 2593 1012 2648 meliore
1038 2592 1168 2646 minorem
1188 2610 1277 2662 posse.
1299 2589 1325 2666 9.
1347 2591 1375 2648 6.

301 2667 329 2728 2.
351 2673 391 2726 De
403 2674 585 2730 accidentibus
596 2676 736 2730 amicitiae.
760 2675 855 2728 Variae
866 2674 1041 2744 proprietates
1061 2680 1257 2742 proponuntur,
1278 2676 1420 2730 solvuntur

350 2755 520 2823 quaestiones
542 2755 595 2808 aive
617 2755 806 2808 dubitationes.
827 2753 934 2808 Liber
953 2770 1077 2807 nonus.

330 2851 354 2885 a.
375 2833 561 2899 Difficultates,
583 2851 650 2904 quae
671 2836 741 2888 circa
762 2835 949 2906 aequalitatem
970 2832 1183 2888 constituendam
1210 2838 1257 2886 aut
1284 2833 1420 2889 turbatam

374 2919 517 2966 versantur.
539 2931 561 2966 c.
584 2908 665 2966 1-3.

360 3017 386 3049 a.
409 2992 523 3062 Caput
542 2992 704 3062 primum:
733 2993 879 3056 Quomodo
907 2991 1067 3066 aequalitate
1092 2991 1286 3048 introducenda
1314 3011 1420 3049 conser-

411 3081 504 3127 ventur
524 3072 654 3126 amicitiae
675 3074 813 3128 materiam
834 3082 993 3144 spectantes.

402 3177 447 3210 aa.
468 3151 660 3206 Difficultatem
679 3153 740 3207 inde
762 3151 833 3220 oriri,
855 3155 941 3227 quod,
962 3171 1014 3225 qua
1034 3169 1159 3208 mensura
1184 3154 1330 3222 aequalitas
1357 3171 1420 3208 con-

461 3233 595 3298 stituatur,
617 3232 695 3286 certis
716 3233 804 3287 modis
825 3233 1007 3290 circumscribi
1027 3251 1083 3288 non
1103 3235 1198 3303 possit.
1221 3227 1247 3302 9.
1270 3227 1353 3288 1-5.

400 3324 446 3383 pp.
468 3311 498 3365 In
519 3330 580 3366 vera
601 3312 716 3366 amicitia
737 3331 751 3367 e
772 3315 884 3369 consilio
905 3315 994 3368 dantis
1011 3314 1160 3368 faciendam
1180 3314 1420 3369 remunerationem

471 3409 540 3446 esse:
562 3392 589 3445 in
604 3393 711 3464 reliquis
723 3411 790 3458 eam,
811 3413 877 3467 quae
891 3397 997 3466 utrique
1018 3394 1099 3464 digna
1113 3393 1243 3456 beneficio
1258 3412 1317 3448 esse
1332 3395 1421 3450 videa·

468 3478 519 3535 tur,
541 3479 587 3526 aut
607 3476 699 3528 saltem
722 3475 870 3544 accipienti.
892 3471 917 3549 §.
940 3469 1043 3530 fi-ll.

356 3562 387 3622 p.
409 3550 526 3621 Caput
546 3555 750 3611 secundum:
770 3555 947 3609 Difficultates
967 3560 1103 3610 versantes
1124 3556 1194 3608 circa
1212 3571 1325 3624 aequam
1345 3554 1421 3609 retri-

412 3631 549 3687 butionem
569 3633 598 3686 iu
619 3633 741 3688 amicitiis
760 3636 874 3689 formam
895 3635 1078 3706 spectantibus
1098 3635 1299 3690 instituendam.

402 3737 448 3771 aa.
470 3713 660 3783 Proponuntur
680 3714 870 3771 dubitationes.
894 3709 922 3786 9.
945 3711 970 3772 l.

463 3808 486 3848 o.
508 3793 598 3848 Prima
623 3794 764 3851 dubitatio.
798 3795 897 3851 Utrum
923 3802 1048 3866 oporteat
1073 3793 1158 3848 filium
1185 3794 1300 3850 tribuere
1329 3795 1420 3850 omnia

514 3876 583 3944 patri
603 3882 630 3929 et
650 3876 679 3930 in
698 3875 823 3931 omnibus
844 3877 961 3944 obedire,
981 3894 1072 3932 necne.
1093 3877 1111 3929 l.
1135 3869 1215 3930 l-d.
1268 3935 1276 3942 ,

471 3953 495 4008 b.
518 3953 641 4008 Secunda
674 3956 815 4011 dubitatio.
863 3957 991 4013 Amicouc
1016 3957 1124 4028 potius,
1152 3973 1232 4028 qaam
1258 3956 1316 4009 viro
1346 3954 1419 4009 bono

514 4051 596 4104 opera
616 4035 706 4090 danda
726 4037 768 4090 sit.
790 4039 807 4093 l.
828 4032 916 4094 4-5.
1179 4107 1181 4111 ,

472 4129 490 4167 r.
523 4114 614 4167 Tertia
642 4115 785 4171 dubitatio.
831 4117 899 4172 Eine
919 4115 964 4188 qui
986 4115 1183 4171 benemeritus
1211 4123 1252 4168 est
1278 4115 1365 4186 gratia
1384 4116 1420 4170 ait

533 4192 671 4249 referenda
690 4197 788 4268 potius,
809 4214 889 4268 quam
910 4195 997 4250 sodali
1018 4197 1180 4252 donandum.
1202 4198 1220 4251 l.
1241 4191 1328 4252 5-7.

403 4283 449 4345 ββ.
472 4270 615 4328 Tollantur
635 4275 825 4330 dubitationes.
847 4278 870 4343 §.
890 4269 999 4332 2-10,

444 4371 466 4408 o.
489 4354 594 4410 Solutio
617 4356 759 4425 generalis:
781 4354 929 4426 Unicuique
951 4373 965 4408 e
985 4356 1124 4426 dignitate,
1143 4363 1172 4410 et
1193 4362 1222 4410 ut
1244 4363 1351 4427 oportet
1374 4356 1420 4410 tri·

489 4433 625 4489 buendum
645 4453 711 4490 csse.
734 4438 759 4502 S.
781 4429 800 4490 2
823 4429 942 4504 (§.8,1.
969 4429 1066 4508 1-4).

338 4529 344 4536 ·
443 4514 466 4572 Ia
489 4513 641 4572 Solutiones
660 4517 848 4596 particulares.¹
863 4515 887 4586 §.
908 4509 1015 4576 3-10.
