<?xml version="1.0" encoding="UTF-8"?>
<!DOCTYPE html PUBLIC "-//W3C//DTD XHTML 1.0 Transitional//EN"
    "http://www.w3.org/TR/xhtml1/DTD/xhtml1-transitional.dtd">
<html xmlns="http://www.w3.org/1999/xhtml" xml:lang="en" lang="en">
 <head>
  <title>
</title>
<meta http-equiv="Content-Type" content="text/html;charset=utf-8" />
  <meta name='ocr-system' content='tesseract 3.04.00' />
  <meta name='ocr-capabilities' content='ocr_page ocr_carea ocr_par ocr_line ocrx_word'/>
</head>
<body>
  <div class='ocr_page' id='page_1' title='image "aristotelisethi02arisgoog_0029.png"; bbox 0 0 3064 5036; ppageno 0'>
   <div class='ocr_carea' id='block_1_1' title="bbox 689 352 990 428">
    <p class='ocr_par' dir='ltr' id='par_1_1' title="bbox 689 352 990 428">
     <span class='ocr_line' id='line_1_1' title="bbox 689 352 990 428; baseline -0.01 -19"><span class='ocrx_word' id='word_1_1' title='bbox 689 356 856 428; x_wconf 71' lang='lat' dir='ltr'><strong>Conspectus</strong></span> <span class='ocrx_word' id='word_1_2' title='bbox 877 353 936 408; x_wconf 88' lang='lat' dir='ltr'>libri</span> <span class='ocrx_word' id='word_1_3' title='bbox 957 352 990 407; x_wconf 84' lang='grc' dir='ltr'>ΙΙ.</span> 
     </span>
    </p>
   </div>
   <div class='ocr_carea' id='block_1_2' title="bbox 367 552 1420 629">
    <p class='ocr_par' dir='ltr' id='par_1_2' title="bbox 367 552 1420 629">
     <span class='ocr_line' id='line_1_2' title="bbox 367 552 1420 629; baseline -0.011 -11"><span class='ocrx_word' id='word_1_4' title='bbox 367 585 392 618; x_wconf 80' lang='lat' dir='ltr'>u.</span> <span class='ocrx_word' id='word_1_5' title='bbox 415 560 492 614; x_wconf 87' lang='lat' dir='ltr'>Justa</span> <span class='ocrx_word' id='word_1_6' title='bbox 512 559 564 629; x_wconf 73' lang='lat' dir='ltr'>agi,</span> <span class='ocrx_word' id='word_1_7' title='bbox 586 578 640 612; x_wconf 88' lang='lat' dir='ltr'>nou</span> <span class='ocrx_word' id='word_1_8' title='bbox 658 556 738 627; x_wconf 85' lang='lat' dir='ltr'>juste,</span> <span class='ocrx_word' id='word_1_9' title='bbox 761 557 782 611; x_wconf 87' lang='lat' dir='ltr'>si</span> <span class='ocrx_word' id='word_1_10' title='bbox 809 559 874 612; x_wconf 82' lang='lat' dir='ltr'>alter</span> <span class='ocrx_word' id='word_1_11' title='bbox 900 562 1007 628; x_wconf 85' lang='lat' dir='ltr'>praeeat</span> <span class='ocrx_word' id='word_1_12' title='bbox 1033 572 1064 609; x_wconf 89' lang='lat' dir='ltr'>ac</span> <span class='ocrx_word' id='word_1_13' title='bbox 1095 553 1248 626; x_wconf 74' lang='lat' dir='ltr'>suppeditet</span> <span class='ocrx_word' id='word_1_14' title='bbox 1279 552 1420 608; x_wconf 72' lang='lat' dir='ltr'><strong>actionem.</strong></span> 
     </span>
    </p>
   </div>
   <div class='ocr_carea' id='block_1_3' title="bbox 417 634 551 703">
    <p class='ocr_par' dir='ltr' id='par_1_3' title="bbox 417 634 551 703">
     <span class='ocr_line' id='line_1_3' title="bbox 417 634 551 703; baseline -0.067 0"><span class='ocrx_word' id='word_1_15' title='bbox 417 641 442 703; x_wconf 76' lang='grc'><strong>5-</strong></span> <span class='ocrx_word' id='word_1_16' title='bbox 467 634 551 696; x_wconf 83' lang='grc'><strong>1-2.</strong></span> 
     </span>
    </p>
   </div>
   <div class='ocr_carea' id='block_1_4' title="bbox 363 711 1525 788">
    <p class='ocr_par' dir='ltr' id='par_1_4' title="bbox 363 711 1525 788">
     <span class='ocr_line' id='line_1_4' title="bbox 363 711 1525 788; baseline -0.008 -17"><span class='ocrx_word' id='word_1_17' title='bbox 363 731 394 788; x_wconf 71' lang='grc' dir='ltr'>-β,</span> <span class='ocrx_word' id='word_1_18' title='bbox 416 719 545 772; x_wconf 75' lang='lat' dir='ltr'>Habitum</span> <span class='ocrx_word' id='word_1_19' title='bbox 567 716 670 771; x_wconf 81' lang='lat' dir='ltr'>virtutis</span> <span class='ocrx_word' id='word_1_20' title='bbox 696 733 750 769; x_wconf 91' lang='lat' dir='ltr'>uon</span> <span class='ocrx_word' id='word_1_21' title='bbox 779 713 915 768; x_wconf 88' lang='lat' dir='ltr'>seientiam</span> <span class='ocrx_word' id='word_1_22' title='bbox 944 721 1058 780; x_wconf 90' lang='lat' dir='ltr'>tantum,</span> <span class='ocrx_word' id='word_1_23' title='bbox 1086 714 1133 769; x_wconf 86' lang='lat' dir='ltr'>sed</span> <span class='ocrx_word' id='word_1_24' title='bbox 1159 723 1185 768; x_wconf 90' lang='lat' dir='ltr'>et</span> <span class='ocrx_word' id='word_1_25' title='bbox 1212 711 1353 768; x_wconf 89' lang='lat' dir='ltr'>consilium</span> <span class='ocrx_word' id='word_1_26' title='bbox 1379 711 1423 764; x_wconf 88' lang='lat' dir='ltr'>fir·</span> <span class='ocrx_word' id='word_1_27' title='bbox 1524 713 1525 716; x_wconf 76' lang='grc'>’</span> 
     </span>
    </p>
   </div>
   <div class='ocr_carea' id='block_1_5' title="bbox 278 789 1455 3475">
    <p class='ocr_par' dir='ltr' id='par_1_5' title="bbox 278 789 1455 3475">
     <span class='ocr_line' id='line_1_5' title="bbox 416 789 1042 869; baseline -0.006 -19"><span class='ocrx_word' id='word_1_28' title='bbox 416 816 539 869; x_wconf 90' lang='lat' dir='ltr'>mamque</span> <span class='ocrx_word' id='word_1_29' title='bbox 562 799 725 851; x_wconf 81' lang='lat' dir='ltr'>voluntatem</span> <span class='ocrx_word' id='word_1_30' title='bbox 746 794 886 866; x_wconf 82' lang='lat' dir='ltr'>requirere.</span> <span class='ocrx_word' id='word_1_31' title='bbox 907 795 933 859; x_wconf 93' lang='grc'>5.</span> <span class='ocrx_word' id='word_1_32' title='bbox 955 789 1042 852; x_wconf 83' lang='grc'><strong>3-4.</strong></span> 
     </span>
     <span class='ocr_line' id='line_1_6' title="bbox 366 865 1423 1012; baseline -0.008 -82"><span class='ocrx_word' id='word_1_33' title='bbox 366 902 395 946; x_wconf 72' lang='lat' dir='ltr'>y.</span> <span class='ocrx_word' id='word_1_34' title='bbox 413 877 543 1012; x_wconf 54' lang='grc' dir='ltr'>,18εέιάοὲ</span> <span class='ocrx_word' id='word_1_35' title='bbox 554 895 608 930; x_wconf 91' lang='lat' dir='ltr'>nou</span> <span class='ocrx_word' id='word_1_36' title='bbox 629 877 715 930; x_wconf 88' lang='lat' dir='ltr'>solum</span> <span class='ocrx_word' id='word_1_37' title='bbox 735 873 859 928; x_wconf 87' lang='lat' dir='ltr'>doctriua</span> <span class='ocrx_word' id='word_1_38' title='bbox 879 874 996 940; x_wconf 85' lang='lat' dir='ltr'>virtutis,</span> <span class='ocrx_word' id='word_1_39' title='bbox 1025 873 1127 927; x_wconf 91' lang='lat' dir='ltr'>bonum</span> <span class='ocrx_word' id='word_1_40' title='bbox 1153 887 1311 942; x_wconf 80' lang='lat' dir='ltr'>quemquam</span> <span class='ocrx_word' id='word_1_41' title='bbox 1346 865 1423 922; x_wconf 79' lang='lat' dir='ltr'>effici.</span> 
     </span>
     <span class='ocr_line' id='line_1_7' title="bbox 308 1026 769 1090; baseline -0.011 -1"><span class='ocrx_word' id='word_1_42' title='bbox 308 1029 336 1090; x_wconf 77' lang='lat'>2.</span> <span class='ocrx_word' id='word_1_43' title='bbox 356 1036 484 1089; x_wconf 82' lang='lat' dir='ltr'>Definitio</span> <span class='ocrx_word' id='word_1_44' title='bbox 506 1035 618 1089; x_wconf 74' lang='lat' dir='ltr'>uirtutis.</span> <span class='ocrx_word' id='word_1_45' title='bbox 639 1051 662 1086; x_wconf 86' lang='lat' dir='ltr'>c.</span> <span class='ocrx_word' id='word_1_46' title='bbox 683 1026 769 1088; x_wconf 84' lang='grc'><strong>5-6.</strong></span> 
     </span>
     <span class='ocr_line' id='line_1_8' title="bbox 340 1109 1074 1194; baseline -0.005 -26"><span class='ocrx_word' id='word_1_47' title='bbox 340 1133 364 1169; x_wconf 86' lang='lat' dir='ltr'>a.</span> <span class='ocrx_word' id='word_1_48' title='bbox 385 1113 498 1184; x_wconf 86' lang='lat' dir='ltr'>Caput</span> <span class='ocrx_word' id='word_1_49' title='bbox 518 1115 692 1186; x_wconf 88' lang='lat' dir='ltr'>quintum:</span> <span class='ocrx_word' id='word_1_50' title='bbox 715 1109 793 1194; x_wconf 68' lang='lat' dir='ltr'>Quid</span> <span class='ocrx_word' id='word_1_51' title='bbox 809 1110 844 1164; x_wconf 85' lang='lat' dir='ltr'>sit</span> <span class='ocrx_word' id='word_1_52' title='bbox 864 1109 946 1165; x_wconf 86' lang='lat' dir='ltr'>virtus</span> <span class='ocrx_word' id='word_1_53' title='bbox 970 1127 1074 1180; x_wconf 77' lang='lat' dir='ltr'>genere.</span> 
     </span>
     <span class='ocr_line' id='line_1_9' title="bbox 370 1181 1166 1262; baseline -0.008 -15"><span class='ocrx_word' id='word_1_54' title='bbox 370 1219 396 1252; x_wconf 66' lang='lat' dir='ltr'>a.</span> <span class='ocrx_word' id='word_1_55' title='bbox 418 1194 491 1254; x_wconf 85' lang='lat' dir='ltr'>Quid</span> <span class='ocrx_word' id='word_1_56' title='bbox 512 1197 546 1247; x_wconf 88' lang='lat' dir='ltr'>sit</span> <span class='ocrx_word' id='word_1_57' title='bbox 567 1194 685 1256; x_wconf 85' lang='lat' dir='ltr'>affectus,</span> <span class='ocrx_word' id='word_1_58' title='bbox 704 1189 825 1262; x_wconf 88' lang='lat' dir='ltr'>potentia</span> <span class='ocrx_word' id='word_1_59' title='bbox 844 1198 871 1244; x_wconf 87' lang='lat' dir='ltr'>et</span> <span class='ocrx_word' id='word_1_60' title='bbox 890 1189 1007 1245; x_wconf 77' lang='lat' dir='ltr'>habitus.</span> <span class='ocrx_word' id='word_1_61' title='bbox 1030 1193 1055 1255; x_wconf 91' lang='grc'>5.</span> <span class='ocrx_word' id='word_1_62' title='bbox 1080 1181 1166 1244; x_wconf 79' lang='grc'><strong>1-2.</strong></span> 
     </span>
     <span class='ocr_line' id='line_1_10' title="bbox 278 1258 1305 1342; baseline -0.01 -14"><span class='ocrx_word' id='word_1_63' title='bbox 278 1315 280 1317; x_wconf 91' lang='grc'>-</span> <span class='ocrx_word' id='word_1_64' title='bbox 369 1285 396 1342; x_wconf 75' lang='grc' dir='ltr'>β.</span> <span class='ocrx_word' id='word_1_65' title='bbox 419 1271 473 1326; x_wconf 88' lang='lat' dir='ltr'>Cur</span> <span class='ocrx_word' id='word_1_66' title='bbox 493 1273 603 1326; x_wconf 85' lang='lat' dir='ltr'>virtutes</span> <span class='ocrx_word' id='word_1_67' title='bbox 624 1289 677 1324; x_wconf 90' lang='lat' dir='ltr'>uon</span> <span class='ocrx_word' id='word_1_68' title='bbox 699 1271 751 1323; x_wconf 87' lang='lat' dir='ltr'>siut</span> <span class='ocrx_word' id='word_1_69' title='bbox 772 1270 880 1324; x_wconf 83' lang='lat' dir='ltr'>affectus</span> <span class='ocrx_word' id='word_1_70' title='bbox 899 1287 985 1340; x_wconf 89' lang='lat' dir='ltr'>neque</span> <span class='ocrx_word' id='word_1_71' title='bbox 1004 1268 1149 1340; x_wconf 83' lang='lat' dir='ltr'>potentiae.</span> <span class='ocrx_word' id='word_1_72' title='bbox 1172 1269 1197 1331; x_wconf 88' lang='grc'>5.</span> <span class='ocrx_word' id='word_1_73' title='bbox 1218 1258 1305 1320; x_wconf 88' lang='grc'><strong>3-5.</strong></span> 
     </span>
     <span class='ocr_line' id='line_1_11' title="bbox 369 1342 956 1422; baseline -0.003 -15"><span class='ocrx_word' id='word_1_74' title='bbox 369 1377 398 1422; x_wconf 74' lang='grc' dir='ltr'>γ.</span> <span class='ocrx_word' id='word_1_75' title='bbox 415 1351 506 1406; x_wconf 86' lang='lat' dir='ltr'>Genus</span> <span class='ocrx_word' id='word_1_76' title='bbox 527 1351 631 1406; x_wconf 80' lang='lat' dir='ltr'>virtutis</span> <span class='ocrx_word' id='word_1_77' title='bbox 653 1367 710 1404; x_wconf 88' lang='lat' dir='ltr'>esse</span> <span class='ocrx_word' id='word_1_78' title='bbox 730 1349 860 1403; x_wconf 86' lang='lat' dir='ltr'>habitum.</span> <span class='ocrx_word' id='word_1_79' title='bbox 881 1349 906 1414; x_wconf 87' lang='grc'>5.</span> <span class='ocrx_word' id='word_1_80' title='bbox 929 1342 956 1405; x_wconf 87' lang='grc'>6.</span> 
     </span>
     <span class='ocr_line' id='line_1_12' title="bbox 341 1419 1425 1502; baseline -0.014 -17"><span class='ocrx_word' id='word_1_81' title='bbox 341 1433 364 1486; x_wconf 83' lang='lat' dir='ltr'>d.</span> <span class='ocrx_word' id='word_1_82' title='bbox 386 1431 432 1485; x_wconf 82' lang='lat' dir='ltr'>Ga</span> <span class='ocrx_word' id='word_1_83' title='bbox 437 1450 455 1502; x_wconf 92' lang='lat' dir='ltr'>p</span> <span class='ocrx_word' id='word_1_84' title='bbox 463 1442 498 1484; x_wconf 89' lang='lat' dir='ltr'>ut</span> <span class='ocrx_word' id='word_1_85' title='bbox 519 1441 666 1484; x_wconf 87' lang='lat' dir='ltr'>sextum:</span> <span class='ocrx_word' id='word_1_86' title='bbox 679 1429 793 1482; x_wconf 89' lang='lat' dir='ltr'>Virtutis</span> <span class='ocrx_word' id='word_1_87' title='bbox 805 1427 981 1482; x_wconf 82' lang='lat' dir='ltr'>substantiam</span> <span class='ocrx_word' id='word_1_88' title='bbox 993 1445 1050 1481; x_wconf 87' lang='lat' dir='ltr'>esse</span> <span class='ocrx_word' id='word_1_89' title='bbox 1061 1423 1271 1480; x_wconf 78' lang='lat' dir='ltr'>mediocritatem</span> <span class='ocrx_word' id='word_1_90' title='bbox 1281 1419 1425 1492; x_wconf 88' lang='lat' dir='ltr'>quandam.</span> 
     </span>
     <span class='ocr_line' id='line_1_13' title="bbox 369 1494 1269 1576; baseline -0.009 -11"><span class='ocrx_word' id='word_1_91' title='bbox 369 1535 396 1570; x_wconf 72' lang='lat' dir='ltr'>a.</span> <span class='ocrx_word' id='word_1_92' title='bbox 418 1511 581 1572; x_wconf 85' lang='lat' dir='ltr'>Qualitatem</span> <span class='ocrx_word' id='word_1_93' title='bbox 601 1509 667 1562; x_wconf 90' lang='lat' dir='ltr'>boni</span> <span class='ocrx_word' id='word_1_94' title='bbox 686 1508 795 1561; x_wconf 89' lang='lat' dir='ltr'>habitus</span> <span class='ocrx_word' id='word_1_95' title='bbox 815 1506 1026 1576; x_wconf 78' lang='lat' dir='ltr'>investigandam</span> <span class='ocrx_word' id='word_1_96' title='bbox 1046 1524 1112 1560; x_wconf 87' lang='lat' dir='ltr'>esse.</span> <span class='ocrx_word' id='word_1_97' title='bbox 1135 1506 1160 1568; x_wconf 93' lang='grc'>5.</span> <span class='ocrx_word' id='word_1_98' title='bbox 1184 1497 1231 1558; x_wconf 86' lang='grc'>1·-</span> <span class='ocrx_word' id='word_1_99' title='bbox 1241 1494 1269 1558; x_wconf 89' lang='lat'>3.</span> 
     </span>
     <span class='ocr_line' id='line_1_14' title="bbox 370 1581 971 1660; baseline -0.01 -16"><span class='ocrx_word' id='word_1_100' title='bbox 370 1602 397 1660; x_wconf 75' lang='grc' dir='ltr'>β.</span> <span class='ocrx_word' id='word_1_101' title='bbox 419 1590 459 1646; x_wconf 86' lang='lat' dir='ltr'>De</span> <span class='ocrx_word' id='word_1_102' title='bbox 480 1599 575 1643; x_wconf 88' lang='lat' dir='ltr'>natura</span> <span class='ocrx_word' id='word_1_103' title='bbox 596 1586 795 1642; x_wconf 80' lang='lat' dir='ltr'>mediocritatis.</span> <span class='ocrx_word' id='word_1_104' title='bbox 817 1589 842 1652; x_wconf 95' lang='grc'>5.</span> <span class='ocrx_word' id='word_1_105' title='bbox 864 1581 971 1642; x_wconf 73' lang='grc'><strong>4-14.</strong></span> 
     </span>
     <span class='ocr_line' id='line_1_15' title="bbox 410 1654 1427 1730; baseline -0.02 -3"><span class='ocrx_word' id='word_1_106' title='bbox 410 1695 456 1727; x_wconf 71' lang='lat' dir='ltr'>aa.</span> <span class='ocrx_word' id='word_1_107' title='bbox 479 1669 594 1723; x_wconf 86' lang='lat' dir='ltr'>Omnem</span> <span class='ocrx_word' id='word_1_108' title='bbox 615 1667 742 1722; x_wconf 80' lang='lat' dir='ltr'>scientem</span> <span class='ocrx_word' id='word_1_109' title='bbox 763 1665 790 1719; x_wconf 88' lang='lat' dir='ltr'>id</span> <span class='ocrx_word' id='word_1_110' title='bbox 810 1665 927 1720; x_wconf 86' lang='lat' dir='ltr'>medium</span> <span class='ocrx_word' id='word_1_111' title='bbox 947 1664 1015 1718; x_wconf 87' lang='lat' dir='ltr'>inter</span> <span class='ocrx_word' id='word_1_112' title='bbox 1035 1661 1147 1716; x_wconf 90' lang='lat' dir='ltr'>nimium</span> <span class='ocrx_word' id='word_1_113' title='bbox 1168 1668 1195 1714; x_wconf 85' lang='lat' dir='ltr'>et</span> <span class='ocrx_word' id='word_1_114' title='bbox 1215 1675 1309 1730; x_wconf 85' lang='lat' dir='ltr'>parum</span> <span class='ocrx_word' id='word_1_115' title='bbox 1335 1654 1427 1726; x_wconf 84' lang='lat' dir='ltr'>exqui-</span> 
     </span>
     <span class='ocr_line' id='line_1_16' title="bbox 478 1736 1426 1884; baseline -0.015 -83"><span class='ocrx_word' id='word_1_116' title='bbox 478 1765 544 1884; x_wconf 56' lang='lat' dir='ltr'>rerql,</span> <span class='ocrx_word' id='word_1_117' title='bbox 563 1746 637 1884; x_wconf 56' lang='lat' dir='ltr'>qqod</span> <span class='ocrx_word' id='word_1_118' title='bbox 657 1746 690 1800; x_wconf 86' lang='lat' dir='ltr'>ad</span> <span class='ocrx_word' id='word_1_119' title='bbox 710 1763 760 1798; x_wconf 89' lang='lat' dir='ltr'>nos</span> <span class='ocrx_word' id='word_1_120' title='bbox 780 1744 901 1810; x_wconf 78' lang='lat' dir='ltr'>retertur,</span> <span class='ocrx_word' id='word_1_121' title='bbox 921 1761 976 1798; x_wconf 89' lang='lat' dir='ltr'>non</span> <span class='ocrx_word' id='word_1_122' title='bbox 996 1742 1068 1815; x_wconf 87' lang='lat' dir='ltr'>quod</span> <span class='ocrx_word' id='word_1_123' title='bbox 1094 1757 1127 1795; x_wconf 79' lang='lat' dir='ltr'>ex</span> <span class='ocrx_word' id='word_1_124' title='bbox 1146 1757 1175 1794; x_wconf 84' lang='lat' dir='ltr'>re</span> <span class='ocrx_word' id='word_1_125' title='bbox 1202 1739 1261 1810; x_wconf 89' lang='lat' dir='ltr'>ipsa</span> <span class='ocrx_word' id='word_1_126' title='bbox 1282 1736 1426 1807; x_wconf 85' lang='lat' dir='ltr'>judicatur.</span> 
     </span>
     <span class='ocr_line' id='line_1_17' title="bbox 410 1893 1444 1978; baseline -0.017 -17"><span class='ocrx_word' id='word_1_127' title='bbox 410 1919 458 1978; x_wconf 78' lang='grc' dir='ltr'>ββ.</span> <span class='ocrx_word' id='word_1_128' title='bbox 480 1908 607 1960; x_wconf 70' lang='lat' dir='ltr'>moralem</span> <span class='ocrx_word' id='word_1_129' title='bbox 629 1911 733 1958; x_wconf 89' lang='lat' dir='ltr'>tantum</span> <span class='ocrx_word' id='word_1_130' title='bbox 754 1903 877 1958; x_wconf 83' lang='lat' dir='ltr'>virtutem</span> <span class='ocrx_word' id='word_1_131' title='bbox 898 1921 956 1958; x_wconf 88' lang='lat' dir='ltr'>esse</span> <span class='ocrx_word' id='word_1_132' title='bbox 977 1899 1203 1962; x_wconf 83' lang='lat' dir='ltr'>mediocritatem,</span> <span class='ocrx_word' id='word_1_133' title='bbox 1229 1911 1290 1950; x_wconf 87' lang='lat' dir='ltr'>cum</span> <span class='ocrx_word' id='word_1_134' title='bbox 1316 1893 1444 1951; x_wconf 31' lang='lat' dir='ltr'>affectus·</span> 
     </span>
     <span class='ocr_line' id='line_1_18' title="bbox 480 1971 1428 2062; baseline -0.018 -22"><span class='ocrx_word' id='word_1_135' title='bbox 480 1993 506 2040; x_wconf 89' lang='lat' dir='ltr'>et</span> <span class='ocrx_word' id='word_1_136' title='bbox 526 1983 703 2062; x_wconf 76' lang='lat' dir='ltr'>operationes,</span> <span class='ocrx_word' id='word_1_137' title='bbox 714 2002 742 2036; x_wconf 88' lang='lat' dir='ltr'>m</span> <span class='ocrx_word' id='word_1_138' title='bbox 755 1982 852 2053; x_wconf 88' lang='lat' dir='ltr'>quibus</span> <span class='ocrx_word' id='word_1_139' title='bbox 871 1983 931 2054; x_wconf 87' lang='lat' dir='ltr'>ipsa</span> <span class='ocrx_word' id='word_1_140' title='bbox 951 1989 1078 2043; x_wconf 87' lang='lat' dir='ltr'>versatur,</span> <span class='ocrx_word' id='word_1_141' title='bbox 1089 1981 1161 2033; x_wconf 89' lang='lat' dir='ltr'>solae</span> <span class='ocrx_word' id='word_1_142' title='bbox 1183 1992 1329 2038; x_wconf 82' lang='lat' dir='ltr'>excessum,</span> <span class='ocrx_word' id='word_1_143' title='bbox 1340 1971 1428 2026; x_wconf 81' lang='lat' dir='ltr'>defec-</span> 
     </span>
     <span class='ocr_line' id='line_1_19' title="bbox 481 2051 1291 2132; baseline -0.006 -14"><span class='ocrx_word' id='word_1_144' title='bbox 481 2077 537 2118; x_wconf 93' lang='lat' dir='ltr'>tum</span> <span class='ocrx_word' id='word_1_145' title='bbox 559 2075 586 2120; x_wconf 91' lang='lat' dir='ltr'>et</span> <span class='ocrx_word' id='word_1_146' title='bbox 606 2061 817 2118; x_wconf 87' lang='lat' dir='ltr'>mediocritatem</span> <span class='ocrx_word' id='word_1_147' title='bbox 837 2061 991 2132; x_wconf 84' lang='lat' dir='ltr'>suscipiant.</span> <span class='ocrx_word' id='word_1_148' title='bbox 1013 2064 1038 2127; x_wconf 86' lang='grc'>5.</span> <span class='ocrx_word' id='word_1_149' title='bbox 1059 2051 1167 2115; x_wconf 86' lang='grc'><strong>9-13.</strong></span> <span class='ocrx_word' id='word_1_150' title='bbox 1284 2056 1291 2068; x_wconf 84' lang='grc'><strong><em>’</em></strong></span> 
     </span>
     <span class='ocr_line' id='line_1_20' title="bbox 412 2123 1428 2214; baseline -0.018 -15"><span class='ocrx_word' id='word_1_151' title='bbox 412 2170 462 2214; x_wconf 71' lang='grc' dir='ltr'><strong>γγ.</strong></span> <span class='ocrx_word' id='word_1_152' title='bbox 478 2143 533 2198; x_wconf 80' lang='lat' dir='ltr'>Cur</span> <span class='ocrx_word' id='word_1_153' title='bbox 553 2144 763 2198; x_wconf 90' lang='lat' dir='ltr'>mediocritatem</span> <span class='ocrx_word' id='word_1_154' title='bbox 785 2141 891 2214; x_wconf 84' lang='lat' dir='ltr'>assequi</span> <span class='ocrx_word' id='word_1_155' title='bbox 900 2141 1034 2195; x_wconf 78' lang='lat' dir='ltr'>difficilius</span> <span class='ocrx_word' id='word_1_156' title='bbox 1049 2139 1092 2204; x_wconf 90' lang='lat' dir='ltr'>sit,</span> <span class='ocrx_word' id='word_1_157' title='bbox 1113 2123 1428 2210; x_wconf 72' lang='lat' dir='ltr'>quamextrems.§.1d.</span> 
     </span>
     <span class='ocr_line' id='line_1_21' title="bbox 372 2211 1196 2292; baseline -0.01 -15"><span class='ocrx_word' id='word_1_158' title='bbox 372 2251 400 2292; x_wconf 72' lang='lat' dir='ltr'>y.</span> <span class='ocrx_word' id='word_1_159' title='bbox 421 2225 496 2285; x_wconf 78' lang='lat' dir='ltr'>Quae</span> <span class='ocrx_word' id='word_1_160' title='bbox 519 2223 553 2276; x_wconf 91' lang='lat' dir='ltr'>sit</span> <span class='ocrx_word' id='word_1_161' title='bbox 574 2222 677 2277; x_wconf 82' lang='lat' dir='ltr'>virtutis</span> <span class='ocrx_word' id='word_1_162' title='bbox 697 2220 852 2292; x_wconf 81' lang='lat' dir='ltr'>plenissima</span> <span class='ocrx_word' id='word_1_163' title='bbox 872 2220 1000 2275; x_wconf 89' lang='lat' dir='ltr'>definitio.</span> <span class='ocrx_word' id='word_1_164' title='bbox 1022 2221 1047 2286; x_wconf 87' lang='grc'>5.</span> <span class='ocrx_word' id='word_1_165' title='bbox 1071 2211 1196 2274; x_wconf 84' lang='grc'><strong>15-16.</strong></span> 
     </span>
     <span class='ocr_line' id='line_1_22' title="bbox 372 2290 1429 2372; baseline -0.023 -10"><span class='ocrx_word' id='word_1_166' title='bbox 372 2300 397 2362; x_wconf 72' lang='lat' dir='ltr'>d.</span> <span class='ocrx_word' id='word_1_167' title='bbox 419 2303 481 2372; x_wconf 86' lang='lat' dir='ltr'>Nou</span> <span class='ocrx_word' id='word_1_168' title='bbox 502 2321 608 2358; x_wconf 91' lang='lat' dir='ltr'>omnem</span> <span class='ocrx_word' id='word_1_169' title='bbox 629 2303 762 2356; x_wconf 88' lang='lat' dir='ltr'>actionem</span> <span class='ocrx_word' id='word_1_170' title='bbox 782 2313 809 2356; x_wconf 91' lang='lat' dir='ltr'>et</span> <span class='ocrx_word' id='word_1_171' title='bbox 829 2290 951 2356; x_wconf 84' lang='lat' dir='ltr'>affectum</span> <span class='ocrx_word' id='word_1_172' title='bbox 977 2297 1186 2353; x_wconf 85' lang='lat' dir='ltr'>mediocritatem</span> <span class='ocrx_word' id='word_1_173' title='bbox 1207 2291 1338 2362; x_wconf 84' lang='lat' dir='ltr'>recipere,</span> <span class='ocrx_word' id='word_1_174' title='bbox 1366 2304 1429 2340; x_wconf 89' lang='lat' dir='ltr'>cum</span> 
     </span>
     <span class='ocr_line' id='line_1_23' title="bbox 419 2364 1455 2454; baseline -0.018 -18"><span class='ocrx_word' id='word_1_175' title='bbox 419 2401 506 2454; x_wconf 88' lang='lat' dir='ltr'>neque</span> <span class='ocrx_word' id='word_1_176' title='bbox 525 2383 601 2436; x_wconf 92' lang='lat' dir='ltr'>nimii</span> <span class='ocrx_word' id='word_1_177' title='bbox 622 2389 668 2436; x_wconf 91' lang='lat' dir='ltr'>aut</span> <span class='ocrx_word' id='word_1_178' title='bbox 689 2379 817 2434; x_wconf 82' lang='lat' dir='ltr'>defectus·</span> <span class='ocrx_word' id='word_1_179' title='bbox 828 2380 862 2435; x_wconf 90' lang='lat' dir='ltr'>sit</span> <span class='ocrx_word' id='word_1_180' title='bbox 874 2379 1040 2434; x_wconf 88' lang='lat' dir='ltr'>mediocritas</span> <span class='ocrx_word' id='word_1_181' title='bbox 1055 2395 1103 2432; x_wconf 91' lang='lat' dir='ltr'>nec</span> <span class='ocrx_word' id='word_1_182' title='bbox 1113 2370 1305 2430; x_wconf 86' lang='lat' dir='ltr'>mediocritatis</span> <span class='ocrx_word' id='word_1_183' title='bbox 1315 2368 1430 2422; x_wconf 84' lang='lat' dir='ltr'>nimium</span> <span class='ocrx_word' id='word_1_184' title='bbox 1450 2364 1455 2367; x_wconf 75' lang='grc'><strong>”</strong></span> 
     </span>
     <span class='ocr_line' id='line_1_24' title="bbox 416 2453 811 2528; baseline -0.003 -11"><span class='ocrx_word' id='word_1_185' title='bbox 416 2471 468 2517; x_wconf 81' lang='lat' dir='ltr'>aut</span> <span class='ocrx_word' id='word_1_186' title='bbox 488 2463 614 2518; x_wconf 82' lang='lat' dir='ltr'>defectus.</span> <span class='ocrx_word' id='word_1_187' title='bbox 636 2464 662 2528; x_wconf 86' lang='grc'>5.</span> <span class='ocrx_word' id='word_1_188' title='bbox 685 2453 811 2518; x_wconf 76' lang='grc'><strong>17-20.</strong></span> 
     </span>
     <span class='ocr_line' id='line_1_25' title="bbox 307 2528 1206 2613; baseline -0.013 -15"><span class='ocrx_word' id='word_1_189' title='bbox 307 2535 341 2598; x_wconf 64' lang='grc' dir='ltr'>Ἰ3.</span> <span class='ocrx_word' id='word_1_190' title='bbox 362 2543 491 2598; x_wconf 88' lang='lat' dir='ltr'>Definitio</span> <span class='ocrx_word' id='word_1_191' title='bbox 510 2541 665 2613; x_wconf 84' lang='lat' dir='ltr'>singiliatim</span> <span class='ocrx_word' id='word_1_192' title='bbox 685 2558 732 2610; x_wconf 86' lang='lat' dir='ltr'>per</span> <span class='ocrx_word' id='word_1_193' title='bbox 751 2540 896 2612; x_wconf 80' lang='lat' dir='ltr'>particulas</span> <span class='ocrx_word' id='word_1_194' title='bbox 916 2537 1053 2611; x_wconf 84' lang='lat' dir='ltr'>explicata.</span> <span class='ocrx_word' id='word_1_195' title='bbox 1074 2553 1097 2589; x_wconf 91' lang='lat' dir='ltr'>c.</span> <span class='ocrx_word' id='word_1_196' title='bbox 1119 2528 1206 2591; x_wconf 88' lang='grc'><strong>7-9.</strong></span> 
     </span>
     <span class='ocr_line' id='line_1_26' title="bbox 341 2610 1256 2693; baseline -0.016 -17"><span class='ocrx_word' id='word_1_197' title='bbox 341 2641 372 2682; x_wconf 76' lang='lat' dir='ltr'>u.</span> <span class='ocrx_word' id='word_1_198' title='bbox 394 2621 507 2693; x_wconf 87' lang='lat' dir='ltr'>Caput</span> <span class='ocrx_word' id='word_1_199' title='bbox 528 2621 729 2692; x_wconf 83' lang='lat' dir='ltr'>septimum:</span> <span class='ocrx_word' id='word_1_200' title='bbox 751 2619 864 2675; x_wconf 88' lang='lat' dir='ltr'>Virtutis</span> <span class='ocrx_word' id='word_1_201' title='bbox 884 2620 912 2672; x_wconf 89' lang='lat' dir='ltr'>iu</span> <span class='ocrx_word' id='word_1_202' title='bbox 934 2633 995 2670; x_wconf 87' lang='lat' dir='ltr'>suas</span> <span class='ocrx_word' id='word_1_203' title='bbox 1016 2617 1118 2686; x_wconf 88' lang='lat' dir='ltr'>species</span> <span class='ocrx_word' id='word_1_204' title='bbox 1138 2610 1256 2682; x_wconf 88' lang='lat' dir='ltr'>partitio.</span> 
     </span>
     <span class='ocr_line' id='line_1_27' title="bbox 374 2679 1404 2772; baseline -0.017 -19"><span class='ocrx_word' id='word_1_205' title='bbox 374 2727 400 2759; x_wconf 66' lang='lat' dir='ltr'>a.</span> <span class='ocrx_word' id='word_1_206' title='bbox 423 2701 550 2764; x_wconf 87' lang='lat' dir='ltr'>Virtutes,</span> <span class='ocrx_word' id='word_1_207' title='bbox 570 2718 638 2772; x_wconf 90' lang='lat' dir='ltr'>quae</span> <span class='ocrx_word' id='word_1_208' title='bbox 658 2702 687 2754; x_wconf 90' lang='lat' dir='ltr'>in</span> <span class='ocrx_word' id='word_1_209' title='bbox 707 2699 827 2770; x_wconf 91' lang='lat' dir='ltr'>appetitu</span> <span class='ocrx_word' id='word_1_210' title='bbox 848 2697 889 2752; x_wconf 89' lang='lat' dir='ltr'>sui</span> <span class='ocrx_word' id='word_1_211' title='bbox 909 2694 1083 2750; x_wconf 86' lang='lat' dir='ltr'>conservandi</span> <span class='ocrx_word' id='word_1_212' title='bbox 1103 2695 1247 2745; x_wconf 84' lang='lat' dir='ltr'>versantur.</span> <span class='ocrx_word' id='word_1_213' title='bbox 1269 2687 1295 2750; x_wconf 86' lang='grc'>5.</span> <span class='ocrx_word' id='word_1_214' title='bbox 1318 2679 1404 2739; x_wconf 82' lang='grc'>1-9,</span> 
     </span>
     <span class='ocr_line' id='line_1_28' title="bbox 413 2759 1281 2850; baseline -0.022 -12"><span class='ocrx_word' id='word_1_215' title='bbox 413 2805 459 2838; x_wconf 72' lang='lat' dir='ltr'>aa.</span> <span class='ocrx_word' id='word_1_216' title='bbox 482 2781 599 2834; x_wconf 86' lang='lat' dir='ltr'>Virtutes</span> <span class='ocrx_word' id='word_1_217' title='bbox 617 2781 648 2833; x_wconf 85' lang='lat' dir='ltr'>in</span> <span class='ocrx_word' id='word_1_218' title='bbox 668 2782 803 2850; x_wconf 84' lang='lat' dir='ltr'>voluptate</span> <span class='ocrx_word' id='word_1_219' title='bbox 819 2786 851 2832; x_wconf 80' lang='lat' dir='ltr'>et</span> <span class='ocrx_word' id='word_1_220' title='bbox 871 2777 962 2829; x_wconf 82' lang='lat' dir='ltr'>dolore</span> <span class='ocrx_word' id='word_1_221' title='bbox 982 2779 1125 2826; x_wconf 85' lang='lat' dir='ltr'>versantes.</span> <span class='ocrx_word' id='word_1_222' title='bbox 1148 2771 1173 2834; x_wconf 88' lang='grc'>5.</span> <span class='ocrx_word' id='word_1_223' title='bbox 1194 2759 1281 2822; x_wconf 80' lang='lat'>2-3.</span> 
     </span>
     <span class='ocr_line' id='line_1_29' title="bbox 479 2841 1431 2925; baseline -0.021 -11"><span class='ocrx_word' id='word_1_224' title='bbox 479 2878 505 2916; x_wconf 80' lang='lat' dir='ltr'>c.</span> <span class='ocrx_word' id='word_1_225' title='bbox 527 2861 618 2914; x_wconf 87' lang='lat' dir='ltr'>Virtus</span> <span class='ocrx_word' id='word_1_226' title='bbox 646 2867 672 2914; x_wconf 90' lang='lat' dir='ltr'>ct</span> <span class='ocrx_word' id='word_1_227' title='bbox 695 2857 764 2912; x_wconf 86' lang='lat' dir='ltr'>-vitia</span> <span class='ocrx_word' id='word_1_228' title='bbox 790 2857 818 2910; x_wconf 88' lang='lat' dir='ltr'>in</span> <span class='ocrx_word' id='word_1_229' title='bbox 842 2853 969 2925; x_wconf 78' lang='lat' dir='ltr'>fugiendo</span> <span class='ocrx_word' id='word_1_230' title='bbox 996 2852 1102 2904; x_wconf 84' lang='lat' dir='ltr'>dolore:</span> <span class='ocrx_word' id='word_1_231' title='bbox 1129 2845 1246 2918; x_wconf 80' lang='lat' dir='ltr'>Ignavia,</span> <span class='ocrx_word' id='word_1_232' title='bbox 1278 2841 1431 2915; x_wconf 78' lang='lat' dir='ltr'>Fortitudo,</span> 
     </span>
     <span class='ocr_line' id='line_1_30' title="bbox 525 2926 964 3008; baseline -0.018 -14"><span class='ocrx_word' id='word_1_233' title='bbox 525 2939 646 2994; x_wconf 71' lang='lat' dir='ltr'>Audacia</span> <span class='ocrx_word' id='word_1_234' title='bbox 665 2936 869 3008; x_wconf 74' lang='lat' dir='ltr'>(intrepiditas).</span> <span class='ocrx_word' id='word_1_235' title='bbox 890 2937 915 2998; x_wconf 91' lang='grc'>5.</span> <span class='ocrx_word' id='word_1_236' title='bbox 936 2926 964 2988; x_wconf 78' lang='lat'>2.</span> 
     </span>
     <span class='ocr_line' id='line_1_31' title="bbox 482 3002 1432 3086; baseline -0.023 -14"><span class='ocrx_word' id='word_1_237' title='bbox 482 3020 506 3072; x_wconf 89' lang='lat' dir='ltr'>b.</span> <span class='ocrx_word' id='word_1_238' title='bbox 528 3019 619 3074; x_wconf 87' lang='lat' dir='ltr'>Virtus</span> <span class='ocrx_word' id='word_1_239' title='bbox 641 3027 668 3072; x_wconf 90' lang='lat' dir='ltr'>et</span> <span class='ocrx_word' id='word_1_240' title='bbox 688 3017 752 3070; x_wconf 88' lang='lat' dir='ltr'>vitia</span> <span class='ocrx_word' id='word_1_241' title='bbox 772 3017 799 3068; x_wconf 89' lang='lat' dir='ltr'>iu</span> <span class='ocrx_word' id='word_1_242' title='bbox 819 3010 969 3086; x_wconf 88' lang='lat' dir='ltr'>quaerenda</span> <span class='ocrx_word' id='word_1_243' title='bbox 996 3009 1147 3078; x_wconf 87' lang='lat' dir='ltr'>voluptate:</span> <span class='ocrx_word' id='word_1_244' title='bbox 1174 3007 1288 3076; x_wconf 88' lang='lat' dir='ltr'>Stupor,</span> <span class='ocrx_word' id='word_1_245' title='bbox 1316 3002 1432 3069; x_wconf 82' lang='lat' dir='ltr'>Tempe·</span> 
     </span>
     <span class='ocr_line' id='line_1_32' title="bbox 525 3084 949 3166; baseline -0.026 -12"><span class='ocrx_word' id='word_1_246' title='bbox 525 3099 620 3163; x_wconf 82' lang='lat' dir='ltr'>tantia,</span> <span class='ocrx_word' id='word_1_247' title='bbox 639 3093 854 3166; x_wconf 72' lang='lat' dir='ltr'>Intemperantia.</span> <span class='ocrx_word' id='word_1_248' title='bbox 875 3093 901 3158; x_wconf 86' lang='grc'>5.</span> <span class='ocrx_word' id='word_1_249' title='bbox 919 3084 949 3145; x_wconf 84' lang='grc'>3.</span> 
     </span>
     <span class='ocr_line' id='line_1_33' title="bbox 414 3155 1335 3251; baseline -0.023 -17"><span class='ocrx_word' id='word_1_250' title='bbox 414 3192 460 3251; x_wconf 65' lang='lat' dir='ltr'>pp.</span> <span class='ocrx_word' id='word_1_251' title='bbox 482 3179 600 3232; x_wconf 89' lang='lat' dir='ltr'>Virtutes</span> <span class='ocrx_word' id='word_1_252' title='bbox 621 3179 649 3230; x_wconf 88' lang='lat' dir='ltr'>in</span> <span class='ocrx_word' id='word_1_253' title='bbox 670 3173 800 3229; x_wconf 88' lang='lat' dir='ltr'>donandis</span> <span class='ocrx_word' id='word_1_254' title='bbox 822 3169 1032 3242; x_wconf 82' lang='lat' dir='ltr'>accipiendisque</span> <span class='ocrx_word' id='word_1_255' title='bbox 1050 3163 1179 3236; x_wconf 78' lang='lat' dir='ltr'>pecuniis.</span> <span class='ocrx_word' id='word_1_256' title='bbox 1201 3165 1227 3230; x_wconf 87' lang='grc'>5.</span> <span class='ocrx_word' id='word_1_257' title='bbox 1248 3155 1335 3218; x_wconf 80' lang='grc'><strong>4-6.</strong></span> 
     </span>
     <span class='ocr_line' id='line_1_34' title="bbox 483 3236 1433 3322; baseline -0.025 -9"><span class='ocrx_word' id='word_1_258' title='bbox 483 3273 506 3312; x_wconf 82' lang='lat' dir='ltr'>s.</span> <span class='ocrx_word' id='word_1_259' title='bbox 529 3257 620 3311; x_wconf 89' lang='lat' dir='ltr'>Virtus</span> <span class='ocrx_word' id='word_1_260' title='bbox 641 3249 667 3308; x_wconf 82' lang='lat' dir='ltr'>e&#39;t</span> <span class='ocrx_word' id='word_1_261' title='bbox 688 3253 751 3306; x_wconf 88' lang='lat' dir='ltr'>vitia</span> <span class='ocrx_word' id='word_1_262' title='bbox 771 3252 798 3304; x_wconf 93' lang='lat' dir='ltr'>in</span> <span class='ocrx_word' id='word_1_263' title='bbox 818 3252 906 3322; x_wconf 89' lang='lat' dir='ltr'>parvis</span> <span class='ocrx_word' id='word_1_264' title='bbox 926 3246 1067 3318; x_wconf 86' lang='lat' dir='ltr'>impensis:</span> <span class='ocrx_word' id='word_1_265' title='bbox 1092 3243 1276 3306; x_wconf 80' lang='lat' dir='ltr'>liliberalitas,</span> <span class='ocrx_word' id='word_1_266' title='bbox 1302 3236 1433 3294; x_wconf 80' lang='lat' dir='ltr'>Liberali-</span> 
     </span>
     <span class='ocr_line' id='line_1_35' title="bbox 529 3323 881 3404; baseline -0.023 -14"><span class='ocrx_word' id='word_1_267' title='bbox 529 3345 580 3401; x_wconf 87' lang='lat' dir='ltr'>tas,</span> <span class='ocrx_word' id='word_1_268' title='bbox 600 3331 785 3404; x_wconf 87' lang='lat' dir='ltr'>Prodigalitas.</span> <span class='ocrx_word' id='word_1_269' title='bbox 806 3333 832 3396; x_wconf 91' lang='grc'>5.</span> <span class='ocrx_word' id='word_1_270' title='bbox 853 3323 881 3384; x_wconf 85' lang='grc'>4.</span> 
     </span>
     <span class='ocr_line' id='line_1_36' title="bbox 485 3393 1432 3475; baseline -0.026 -4"><span class='ocrx_word' id='word_1_271' title='bbox 485 3419 507 3471; x_wconf 71' lang='grc' dir='ltr'>Β.</span> <span class='ocrx_word' id='word_1_272' title='bbox 531 3419 620 3470; x_wconf 84' lang='lat' dir='ltr'>Virtus</span> <span class='ocrx_word' id='word_1_273' title='bbox 641 3401 667 3468; x_wconf 76' lang='lat' dir='ltr'>ct</span> <span class='ocrx_word' id='word_1_274' title='bbox 688 3412 751 3464; x_wconf 87' lang='lat' dir='ltr'>vitia</span> <span class='ocrx_word' id='word_1_275' title='bbox 770 3409 798 3464; x_wconf 92' lang='lat' dir='ltr'>in</span> <span class='ocrx_word' id='word_1_276' title='bbox 812 3406 944 3464; x_wconf 89' lang='lat' dir='ltr'>sumtibus</span> <span class='ocrx_word' id='word_1_277' title='bbox 954 3403 1073 3475; x_wconf 83' lang='lat' dir='ltr'>magnis:</span> <span class='ocrx_word' id='word_1_278' title='bbox 1095 3402 1203 3468; x_wconf 85' lang='lat' dir='ltr'>Sordes,</span> <span class='ocrx_word' id='word_1_279' title='bbox 1223 3393 1432 3470; x_wconf 72' lang='lat' dir='ltr'>Magnificentis,</span> 
     </span>
    </p>
   </div>
   <div class='ocr_carea' id='block_1_6' title="bbox 377 3484 1440 4109">
    <p class='ocr_par' dir='ltr' id='par_1_6' title="bbox 416 3484 1440 3716">
     <span class='ocr_line' id='line_1_37' title="bbox 528 3484 853 3560; baseline -0.025 -10"><span class='ocrx_word' id='word_1_280' title='bbox 528 3493 660 3550; x_wconf 85' lang='lat' dir='ltr'>Profusio.</span> <span class='ocrx_word' id='word_1_281' title='bbox 682 3494 707 3556; x_wconf 85' lang='grc'>5.</span> <span class='ocrx_word' id='word_1_282' title='bbox 729 3484 755 3545; x_wconf 88' lang='grc'>6.</span> <span class='ocrx_word' id='word_1_283' title='bbox 850 3557 853 3560; x_wconf 22' lang='lat'>¹</span> 
     </span>
     <span class='ocr_line' id='line_1_38' title="bbox 416 3555 1440 3646; baseline -0.021 -16"><span class='ocrx_word' id='word_1_284' title='bbox 416 3603 466 3646; x_wconf 65' lang='lat' dir='ltr'>pp.</span> <span class='ocrx_word' id='word_1_285' title='bbox 481 3577 599 3629; x_wconf 87' lang='lat' dir='ltr'>Virtutes</span> <span class='ocrx_word' id='word_1_286' title='bbox 621 3573 648 3626; x_wconf 87' lang='lat' dir='ltr'>in</span> <span class='ocrx_word' id='word_1_287' title='bbox 668 3567 819 3641; x_wconf 84' lang='lat' dir='ltr'>quaerendo</span> <span class='ocrx_word' id='word_1_288' title='bbox 840 3566 950 3620; x_wconf 87' lang='lat' dir='ltr'>bonore.</span> <span class='ocrx_word' id='word_1_289' title='bbox 972 3565 997 3629; x_wconf 94' lang='grc'>5.</span> <span class='ocrx_word' id='word_1_290' title='bbox 1018 3555 1105 3618; x_wconf 85' lang='grc'><strong>7-9.</strong></span> <span class='ocrx_word' id='word_1_291' title='bbox 1436 3615 1440 3622; x_wconf 50' lang='grc'>,</span> 
     </span>
     <span class='ocr_line' id='line_1_39' title="bbox 484 3629 1432 3716; baseline -0.025 -9"><span class='ocrx_word' id='word_1_292' title='bbox 484 3671 507 3708; x_wconf 83' lang='lat' dir='ltr'>s.</span> <span class='ocrx_word' id='word_1_293' title='bbox 530 3653 620 3707; x_wconf 89' lang='lat' dir='ltr'>Virtus</span> <span class='ocrx_word' id='word_1_294' title='bbox 642 3657 668 3704; x_wconf 91' lang='lat' dir='ltr'>et</span> <span class='ocrx_word' id='word_1_295' title='bbox 689 3647 754 3701; x_wconf 83' lang='lat' dir='ltr'>vitia</span> <span class='ocrx_word' id='word_1_296' title='bbox 772 3647 801 3700; x_wconf 91' lang='lat' dir='ltr'>in</span> <span class='ocrx_word' id='word_1_297' title='bbox 821 3662 918 3716; x_wconf 87' lang='lat' dir='ltr'>magno</span> <span class='ocrx_word' id='word_1_298' title='bbox 938 3644 1041 3698; x_wconf 89' lang='lat' dir='ltr'>honore</span> <span class='ocrx_word' id='word_1_299' title='bbox 1066 3637 1230 3712; x_wconf 84' lang='lat' dir='ltr'>quaerendo:</span> <span class='ocrx_word' id='word_1_300' title='bbox 1256 3629 1432 3689; x_wconf 89' lang='lat' dir='ltr'>Pusillanimi-</span> 
     </span>
    </p>

    <p class='ocr_par' dir='ltr' id='par_1_7' title="bbox 465 3716 1073 3799">
     <span class='ocr_line' id='line_1_40' title="bbox 465 3716 1073 3799; baseline -0.016 -14"><span class='ocrx_word' id='word_1_301' title='bbox 465 3733 468 3738; x_wconf 75' lang='grc'><em>’</em></span> <span class='ocrx_word' id='word_1_302' title='bbox 531 3742 582 3796; x_wconf 87' lang='lat' dir='ltr'>tas,</span> <span class='ocrx_word' id='word_1_303' title='bbox 602 3728 818 3799; x_wconf 80' lang='lat' dir='ltr'>Magnanimitas,</span> <span class='ocrx_word' id='word_1_304' title='bbox 839 3723 977 3796; x_wconf 75' lang='lat' dir='ltr'>Superbia.</span> <span class='ocrx_word' id='word_1_305' title='bbox 999 3724 1025 3787; x_wconf 91' lang='grc'>5.</span> <span class='ocrx_word' id='word_1_306' title='bbox 1046 3716 1073 3776; x_wconf 89' lang='grc'>7.</span> 
     </span>
    </p>

    <p class='ocr_par' dir='ltr' id='par_1_8' title="bbox 487 3788 1432 3876">
     <span class='ocr_line' id='line_1_41' title="bbox 487 3788 1432 3876; baseline -0.026 -11"><span class='ocrx_word' id='word_1_307' title='bbox 487 3813 510 3865; x_wconf 82' lang='lat' dir='ltr'>a.</span> <span class='ocrx_word' id='word_1_308' title='bbox 533 3811 623 3864; x_wconf 89' lang='lat' dir='ltr'>Virtus</span> <span class='ocrx_word' id='word_1_309' title='bbox 644 3821 671 3862; x_wconf 91' lang='lat' dir='ltr'>et</span> <span class='ocrx_word' id='word_1_310' title='bbox 691 3806 756 3860; x_wconf 86' lang='lat' dir='ltr'>vitia</span> <span class='ocrx_word' id='word_1_311' title='bbox 775 3807 803 3858; x_wconf 84' lang='lat' dir='ltr'>in</span> <span class='ocrx_word' id='word_1_312' title='bbox 824 3821 906 3876; x_wconf 82' lang='lat' dir='ltr'>parvo</span> <span class='ocrx_word' id='word_1_313' title='bbox 918 3803 1019 3856; x_wconf 86' lang='lat' dir='ltr'>honore</span> <span class='ocrx_word' id='word_1_314' title='bbox 1037 3797 1205 3870; x_wconf 87' lang='lat' dir='ltr'>quaerendo:</span> <span class='ocrx_word' id='word_1_315' title='bbox 1232 3788 1432 3851; x_wconf 88' lang='lat' dir='ltr'>Inambitiosus,</span> 
     </span>
    </p>

    <p class='ocr_par' dir='ltr' id='par_1_9' title="bbox 533 3876 869 3957">
     <span class='ocr_line' id='line_1_42' title="bbox 533 3876 869 3957; baseline -0.024 -12"><span class='ocrx_word' id='word_1_316' title='bbox 533 3921 580 3957; x_wconf 80' lang='lat'>-‚</span> <span class='ocrx_word' id='word_1_317' title='bbox 600 3887 773 3943; x_wconf 68' lang='lat' dir='ltr'>ambitiosus.</span> <span class='ocrx_word' id='word_1_318' title='bbox 793 3887 820 3950; x_wconf 83' lang='grc'>5.</span> <span class='ocrx_word' id='word_1_319' title='bbox 841 3876 869 3939; x_wconf 84' lang='grc'>8.</span> 
     </span>
    </p>

    <p class='ocr_par' dir='ltr' id='par_1_10' title="bbox 377 3943 1302 4043">
     <span class='ocr_line' id='line_1_43' title="bbox 377 3943 1302 4043; baseline -0.023 -17"><span class='ocrx_word' id='word_1_320' title='bbox 377 3987 404 4043; x_wconf 72' lang='grc' dir='ltr'>β.</span> <span class='ocrx_word' id='word_1_321' title='bbox 427 3972 554 4034; x_wconf 89' lang='lat' dir='ltr'>Virtutes,</span> <span class='ocrx_word' id='word_1_322' title='bbox 574 3967 688 4040; x_wconf 91' lang='lat' dir='ltr'>quaein</span> <span class='ocrx_word' id='word_1_323' title='bbox 709 3965 828 4036; x_wconf 85' lang='lat' dir='ltr'>appetitu</span> <span class='ocrx_word' id='word_1_324' title='bbox 847 3960 942 4015; x_wconf 82' lang='lat' dir='ltr'>sociali</span> <span class='ocrx_word' id='word_1_325' title='bbox 962 3963 1108 4012; x_wconf 86' lang='lat' dir='ltr'>versantur.</span> <span class='ocrx_word' id='word_1_326' title='bbox 1129 3956 1154 4020; x_wconf 91' lang='grc'>5.</span> <span class='ocrx_word' id='word_1_327' title='bbox 1177 3943 1302 4009; x_wconf 85' lang='grc'><strong>10·-13.</strong></span> 
     </span>
    </p>

    <p class='ocr_par' dir='ltr' id='par_1_11' title="bbox 418 4026 1435 4109">
     <span class='ocr_line' id='line_1_44' title="bbox 418 4026 1435 4109; baseline -0.032 1"><span class='ocrx_word' id='word_1_328' title='bbox 418 4077 464 4109; x_wconf 76' lang='lat' dir='ltr'>ss.</span> <span class='ocrx_word' id='word_1_329' title='bbox 486 4049 577 4102; x_wconf 90' lang='lat' dir='ltr'>Virtus</span> <span class='ocrx_word' id='word_1_330' title='bbox 597 4057 624 4102; x_wconf 89' lang='lat' dir='ltr'>et</span> <span class='ocrx_word' id='word_1_331' title='bbox 644 4046 709 4100; x_wconf 88' lang='lat' dir='ltr'>vitia</span> <span class='ocrx_word' id='word_1_332' title='bbox 728 4046 756 4098; x_wconf 85' lang='lat' dir='ltr'>in</span> <span class='ocrx_word' id='word_1_333' title='bbox 776 4043 816 4097; x_wconf 83' lang='lat' dir='ltr'>ira</span> <span class='ocrx_word' id='word_1_334' title='bbox 828 4041 974 4108; x_wconf 77' lang='lat' dir='ltr'>versantia3</span> <span class='ocrx_word' id='word_1_335' title='bbox 995 4033 1149 4100; x_wconf 80' lang='lat' dir='ltr'>Lestitudo,</span> <span class='ocrx_word' id='word_1_336' title='bbox 1169 4029 1358 4093; x_wconf 82' lang='lat' dir='ltr'>Mansuetudo,</span> <span class='ocrx_word' id='word_1_337' title='bbox 1378 4026 1435 4079; x_wconf 89' lang='lat' dir='ltr'>Ira·</span> 
     </span>
    </p>
   </div>
   <div class='ocr_carea' id='block_1_7' title="bbox 417 4119 1435 4280">
    <p class='ocr_par' dir='ltr' id='par_1_12' title="bbox 417 4119 1435 4280">
     <span class='ocr_line' id='line_1_45' title="bbox 483 4127 704 4182; baseline -0.014 0"><span class='ocrx_word' id='word_1_338' title='bbox 483 4127 588 4182; x_wconf 87' lang='lat' dir='ltr'>cundia.</span> <span class='ocrx_word' id='word_1_339' title='bbox 630 4167 636 4180; x_wconf 94' lang='lat'>.</span> <span class='ocrx_word' id='word_1_340' title='bbox 697 4165 704 4180; x_wconf 97' lang='lat'>.</span> 
     </span>
     <span class='ocr_line' id='line_1_46' title="bbox 417 4119 1435 4280; baseline -0.028 -17"><span class='ocrx_word' id='word_1_341' title='bbox 417 4222 464 4280; x_wconf 72' lang='lat' dir='ltr'>pp.</span> <span class='ocrx_word' id='word_1_342' title='bbox 486 4119 745 4269; x_wconf 56' lang='lat' dir='ltr'>Virtutessetiiitia,</span> <span class='ocrx_word' id='word_1_343' title='bbox 765 4216 833 4273; x_wconf 86' lang='lat' dir='ltr'>quae</span> <span class='ocrx_word' id='word_1_344' title='bbox 852 4197 881 4252; x_wconf 86' lang='lat' dir='ltr'>iu</span> <span class='ocrx_word' id='word_1_345' title='bbox 901 4208 1052 4250; x_wconf 86' lang='lat' dir='ltr'>sermonum</span> <span class='ocrx_word' id='word_1_346' title='bbox 1073 4200 1100 4246; x_wconf 85' lang='lat' dir='ltr'>et</span> <span class='ocrx_word' id='word_1_347' title='bbox 1124 4190 1260 4245; x_wconf 85' lang='lat' dir='ltr'>actionum</span> <span class='ocrx_word' id='word_1_348' title='bbox 1285 4183 1435 4240; x_wconf 89' lang='lat' dir='ltr'>eommuni-</span> 
     </span>
    </p>
   </div>
   <div class='ocr_carea' id='block_1_8' title="bbox 486 4269 1435 4424">
    <p class='ocr_par' dir='ltr' id='par_1_13' title="bbox 486 4269 1435 4424">
     <span class='ocr_line' id='line_1_47' title="bbox 487 4269 903 4348; baseline -0.026 -7"><span class='ocrx_word' id='word_1_349' title='bbox 487 4295 541 4341; x_wconf 83' lang='lat' dir='ltr'>tate</span> <span class='ocrx_word' id='word_1_350' title='bbox 561 4291 708 4340; x_wconf 82' lang='lat' dir='ltr'>versantur·</span> <span class='ocrx_word' id='word_1_351' title='bbox 729 4284 755 4348; x_wconf 86' lang='grc'>5.</span> <span class='ocrx_word' id='word_1_352' title='bbox 778 4269 903 4337; x_wconf 88' lang='grc'><strong>11-13.</strong></span> 
     </span>
     <span class='ocr_line' id='line_1_48' title="bbox 486 4339 1435 4424; baseline -0.032 -2"><span class='ocrx_word' id='word_1_353' title='bbox 486 4384 509 4420; x_wconf 84' lang='lat' dir='ltr'>o.</span> <span class='ocrx_word' id='word_1_354' title='bbox 531 4367 621 4420; x_wconf 85' lang='lat' dir='ltr'>Virtus</span> <span class='ocrx_word' id='word_1_355' title='bbox 642 4372 669 4418; x_wconf 88' lang='lat' dir='ltr'>et</span> <span class='ocrx_word' id='word_1_356' title='bbox 689 4361 754 4416; x_wconf 83' lang='lat' dir='ltr'>vitia</span> <span class='ocrx_word' id='word_1_357' title='bbox 773 4358 802 4413; x_wconf 90' lang='lat' dir='ltr'>in</span> <span class='ocrx_word' id='word_1_358' title='bbox 821 4355 941 4418; x_wconf 80' lang='lat' dir='ltr'>veritate,</span> <span class='ocrx_word' id='word_1_359' title='bbox 961 4367 1028 4424; x_wconf 85' lang='lat' dir='ltr'>quae</span> <span class='ocrx_word' id='word_1_360' title='bbox 1048 4346 1215 4404; x_wconf 84' lang='lat' dir='ltr'>sermonibus</span> <span class='ocrx_word' id='word_1_361' title='bbox 1236 4351 1264 4399; x_wconf 88' lang='lat' dir='ltr'>et</span> <span class='ocrx_word' id='word_1_362' title='bbox 1283 4339 1435 4396; x_wconf 85' lang='lat' dir='ltr'>actionibus</span> 
     </span>
    </p>
   </div>
   <div class='ocr_carea' id='block_1_9' title="bbox 483 4411 1436 4589">
    <p class='ocr_par' dir='ltr' id='par_1_14' title="bbox 483 4411 1436 4589">
     <span class='ocr_line' id='line_1_49' title="bbox 534 4411 1434 4509; baseline -0.031 -9"><span class='ocrx_word' id='word_1_363' title='bbox 534 4448 612 4509; x_wconf 86' lang='lat' dir='ltr'>inest,</span> <span class='ocrx_word' id='word_1_364' title='bbox 633 4441 779 4497; x_wconf 82' lang='lat' dir='ltr'>versantia:</span> <span class='ocrx_word' id='word_1_365' title='bbox 798 4431 992 4495; x_wconf 84' lang='lat' dir='ltr'>Dissimulstio,</span> <span class='ocrx_word' id='word_1_366' title='bbox 1013 4427 1165 4492; x_wconf 86' lang='lat' dir='ltr'>Sinceritas,</span> <span class='ocrx_word' id='word_1_367' title='bbox 1183 4421 1324 4480; x_wconf 80' lang='lat' dir='ltr'>Jactsutia.</span> <span class='ocrx_word' id='word_1_368' title='bbox 1345 4411 1434 4486; x_wconf 78' lang='grc'><strong>512.</strong></span> 
     </span>
     <span class='ocr_line' id='line_1_50' title="bbox 483 4497 1436 4589; baseline -0.033 -7"><span class='ocrx_word' id='word_1_369' title='bbox 483 4528 506 4582; x_wconf 73' lang='lat' dir='ltr'>b,</span> <span class='ocrx_word' id='word_1_370' title='bbox 527 4527 646 4581; x_wconf 85' lang='lat' dir='ltr'>Virtutes</span> <span class='ocrx_word' id='word_1_371' title='bbox 667 4529 693 4578; x_wconf 88' lang='lat' dir='ltr'>et</span> <span class='ocrx_word' id='word_1_372' title='bbox 713 4519 785 4586; x_wconf 86' lang='lat' dir='ltr'>vitia,</span> <span class='ocrx_word' id='word_1_373' title='bbox 806 4513 922 4589; x_wconf 88' lang='lat' dir='ltr'>quaein</span> <span class='ocrx_word' id='word_1_374' title='bbox 946 4525 1099 4566; x_wconf 85' lang='lat' dir='ltr'>sermonum</span> <span class='ocrx_word' id='word_1_375' title='bbox 1124 4515 1151 4562; x_wconf 86' lang='lat' dir='ltr'>et</span> <span class='ocrx_word' id='word_1_376' title='bbox 1178 4505 1314 4559; x_wconf 88' lang='lat' dir='ltr'>actionum</span> <span class='ocrx_word' id='word_1_377' title='bbox 1339 4497 1436 4569; x_wconf 84' lang='lat' dir='ltr'>jucun·</span> 
     </span>
    </p>
   </div>
   <div class='ocr_carea' id='block_1_10' title="bbox 0 0 1553 5036">
    <p class='ocr_par' dir='ltr' id='par_1_15' title="bbox 0 0 1553 5036">
     <span class='ocr_line' id='line_1_51' title="bbox 0 0 1553 5036; baseline 0 0"><span class='ocrx_word' id='word_1_378' title='bbox 0 0 1553 5036; x_wconf 95' lang='lat' dir='ltr'> </span> 
     </span>
    </p>
   </div>
  </div>
 </body>
</html>
