3064 5036
548 367 622 426 Libri
642 370 663 426 1.
704 369 769 442 Cap.
790 369 811 424 1.
1254 369 1279 440 5

115 581 363 664 enuntiationis,
386 605 467 670 quae
487 585 601 672 incipit
622 573 690 651 ἕτοι
713 577 739 664 cs'
759 583 831 662 εἶσί,
854 584 948 650 ordiri
969 585 1110 666 uidetru,
1133 588 1277 654 omnium

113 697 179 761 fere
194 717 377 778 consensu3
400 705 469 761 tum
483 697 590 784 posita
605 705 693 764 esset
706 719 765 782 pro
781 691 829 782 δή,
850 719 943 782 quam
966 697 1054 762 solus
1078 697 1207 765 exhibet
1222 699 1276 765 Mb

113 815 147 872 et
163 808 289 872 Coraca
309 807 343 872 in
358 815 482 873 textum
495 808 627 894 recepit,
649 808 793 894 apodosi,
816 807 955 888 utdicit,
977 810 1170 894 postulante.
1211 812 1277 878 Sed

112 927 202 984 recte
220 920 291 1004 jam
315 919 393 984 vidit
413 919 546 986 Krische
577 920 620 1004 (in
642 919 843 986 Recensione
871 920 969 1006 hujus
993 941 1084 986 meae
1112 921 1276 990 editionisa

114 1033 280 1096 Jcaaische
299 1031 627 1117 Literatstr-Zetarag,
656 1033 822 1098 December
846 1031 949 1111 1835,
976 1054 1010 1117 p.
1032 1032 1130 1116 403),
1159 1055 1276 1101 anaco-

114 1143 230 1208 luthon
244 1143 355 1228 potius
369 1143 422 1209 hic
435 1153 571 1223 entare
593 1165 677 1226 cum,
699 1144 883 1228 parenthesi
903 1143 1079 1230 interjecta,
1103 1134 1171 1214 ὅσοι
1194 1144 1281 1214 aetat

114 1263 277 1319 mutatum
299 1254 343 1320 sit
362 1255 396 1336 ip
419 1255 445 1321 ἐν
468 1249 597 1335 circinata
619 1255 660 1334 δέ
681 1257 726 1320 ita
749 1265 786 1321 ut
806 1255 960 1341 particula
982 1254 1016 1320 δέ
1035 1264 1160 1322 tantum
1180 1256 1277 1327 itere·

114 1377 191 1462 οοτςι
203 1367 297 1452 cujus
320 1368 366 1432 rei
384 1365 487 1432 simile
509 1369 688 1453 exemplum
712 1368 791 1434 citat
804 1368 949 1452 Metaph.
964 1367 988 1446 I,
1002 1367 1019 1434 Α1
1048 1369 1090 1452 (p.
1106 1369 1138 1448 5,
1161 1369 1182 1433 l.
1201 1367 1277 1437 4-7

115 1479 336 1563 ed.Brandis).
354 1480 492 1545 Bekkeri
504 1480 599 1566 igitur
609 1479 824 1566 interpunctio
835 1479 999 1555 claudicat.
1022 1479 1177 1546 Nonnulli
1185 1479 1279 1564 h'rrter

115 1613 196 1677 quos
216 1591 435 1676 Argyropylus
456 1591 539 1678 ipse)
561 1593 761 1678 disdagurmt
781 1601 859 1678 post
878 1589 933 1656 τῶν
954 1584 1097 1672 τοιούτων,
1121 1593 1277 1676 epodosiu

114 1703 307 1788 incipientes
331 1703 371 1768 ab
401 1695 459 1769 ind
481 1702 559 1789 μίοττ
596 1705 792 1788 Quaeram
810 1725 891 1770 caro
918 1705 1084 1786 haiamodc'
1110 1711 1196 1785 sant,
1221 1707 1277 1770 aci

116 1817 210 1881 claci
233 1815 382 1898 facultati
414 1817 618 1898 τιοῇἑοίοηωτ
673 1815 738 1880 Sed
770 1815 875 1900 primo
903 1815 1118 1880 duriusculum
1151 1816 1278 1882 videtur

116 1927 276 1992 ammaum
304 1925 437 1991 aiterum
467 1923 526 1990 εἰσί
550 1935 628 2011 post
656 1921 779 2013 δύναμιν.
823 1925 951 1992 Deinde
975 1949 1017 1992 nc
1038 1937 1125 1994 recte
1148 1929 1276 2012 quidem

117 2061 151 2104 se
165 2037 302 2103 haberet
316 2059 428 2102 sensus
445 2038 608 2104 orationis.
642 2039 719 2102 Non
733 2037 818 2102 enim
842 2059 954 2104 omnes
971 2047 1055 2104 artes
1077 2039 1137 2104 hae
1152 2060 1277 2104 earum-

117 2171 178 2236 que
201 2149 324 2215 similes
353 2151 427 2234 (hoc
454 2149 540 2215 enim
568 2147 724 2235 significat
750 2151 806 2214 τῶν
834 2143 978 2234 τοιούτων)
1008 2149 1068 2216 sub
1095 2173 1192 2216 unam
1221 2153 1277 2218 ali·

116 2285 214 2348 quam
235 2263 419 2328 tamtatem
441 2263 651 2340 reducuntur,
675 2281 747 2328 cum
771 2262 856 2327 dicat
872 2261 942 2346 ipse
963 2262 997 2328 in
1019 2263 1084 2330 fine
1105 2265 1278 2349 parenthe-

117 2376 178 2454 sis,
210 2374 289 2440 alias
319 2395 391 2439 esse
419 2374 490 2438 aliis
518 2373 686 2459 subjectas.
731 2375 778 2438 Et
800 2373 925 2438 etiamsi
954 2383 1059 2439 exstet
1087 2397 1152 2440 una
1175 2375 1279 2460 aliqua

119 2507 245 2552 summa
266 2485 416 2568 facultas,
440 2485 499 2552 sub
522 2505 617 2572 quam
641 2506 715 2562 eae,
739 2507 817 2569 quas
838 2477 1074 2564 nominaverat,
1103 2509 1279 2573 omnesque

121 2609 244 2664 caterae
273 2599 481 2677 reducantur,
508 2619 626 2682 nempe
654 2595 786 2681 politica
814 2595 865 2678 (cf.
894 2595 976 2662 iufra
1004 2620 1031 2662 c.
1055 2597 1095 2677 2,
1126 2599 1154 2684 q.
1184 2599 1278 2684 4-5),

117 2721 228 2778 tamen
252 2711 293 2776 de
320 2711 375 2775 illa
400 2711 462 2776 hoc
484 2709 613 2794 quidem
641 2709 715 2773 loco
746 2729 813 2774 aon
838 2709 907 2794 jam
937 2707 1055 2794 cogitat
1078 2711 1278 2792 Aristoteles,

118 2845 189 2889 eam
211 2825 317 2908 ipsam
339 2822 382 2888 ob
406 2845 535 2888 causam
551 2821 637 2908 quod
659 2820 763 2886 adhuc
777 2823 818 2888 de
839 2819 981 2906 pluribus
1004 2822 1161 2908 ejusmodi
1181 2824 1279 2890 facul-

118 2937 239 3002 tatibus
262 2945 296 3000 et
318 2937 358 3001 de
378 2935 521 3020 pluribus
543 2933 652 3000 τέλεσιν
673 2926 914 3015 ἄρχιτεκτονικοῒς
937 2933 1086 3019 loquitur,
1131 2935 1280 3020 Denique

114 3049 201 3115 inter
216 3069 272 3113 eas
287 3045 373 3133 ipsas
386 3057 484 3126 artes,
497 3069 575 3132 qaas
589 3043 819 3124 nominaverat,
833 3053 908 3111 sunt
919 3047 1074 3130 quaedam
1089 3055 1279 3130 praeeuntes

113 3169 215 3248 atque
238 3159 432 3245 imperantes
456 3151 725 3243 (ἅρχιτεκτοοικαι),
749 3157 886 3242 exempli
909 3157 1009 3242 gratia
1030 3153 1220 3243 στρατηγική,
1243 3168 1280 3222 ut

116 3271 291 3360 exponitur
317 3272 353 3336 in
380 3271 580 3356 parenthesi3
607 3269 652 3334 ita
681 3279 718 3334 ut
746 3293 813 3335 non
843 3291 955 3334 omnes
983 3269 1166 3356 hujusmodi
1196 3278 1279 3336 artes

117 3387 283 3473 subjectae
313 3383 377 3448 dici
403 3383 540 3468 possint.
566 3414 603 3428 -2
638 3374 677 3444 roi
706 3379 760 3446 τῶν
793 3373 1027 3464 οἷρχιτεκτονικῶν
1050 3380 1131 3466 τέλη)
1161 3381 1279 3446 Zellius

118 3481 318 3584 Giphariium
347 3499 494 3560 secutus:
532 3491 830 3576 „Architectonicae
859 3493 1029 3562 facultates,
1054 3503 1088 3558 et
1117 3501 1201 3558 artes
1224 3515 1280 3558 eae

113 3618 203 3688 sunt,
222 3629 306 3693 quae
319 3607 532 3693 principatum
547 3613 661 3670 tenent
677 3613 711 3669 et
724 3604 916 3690 reliquarum
938 3604 1114 3669 ministerio
1129 3611 1279 3684 utuntur3

117 3720 390 3807 quemadmodum
425 3717 605 3784 architectis
639 3717 671 3780 in
701 3717 895 3782 exstruendo
928 3716 1071 3782 aedificio
1098 3715 1282 3781 deserviunt

116 3831 252 3919 lignarii,
263 3831 394 3910 fanani,
408 3831 499 3912 fabri,
513 3829 644 3896 ceteri.“
673 3829 901 3913 Parephrastes
914 3829 1011 3908 addit,
1025 3829 1160 3893 formam
1185 3825 1279 3912 (εἶδος)

119 3943 308 4031 etregulam
324 3937 446 4028 (amhn)
463 3943 576 4028 agendi
588 3935 701 4007 ceteris
724 3939 765 4004 ab
785 3940 856 4024 ipsa
876 3940 997 4025 porrigi
1016 3949 1083 4007 arte
1104 3939 1280 4024 principali.

209 4059 240 4144 h.
267 4059 306 4124 ’5.
356 4053 488 4138 ὀτοφέρει
516 4046 629 4136 t‘caidh)
658 4052 840 4118 Eustratius
871 4060 904 4116 et
931 4051 1166 4137 Paraphrastes.
1194 4059 1281 4116 recte

119 4169 295 4256 explicant:
336 4167 556 4252 Quamquam,
586 4165 620 4232 'ur
641 4163 758 4249 quibus
779 4161 900 4230 artibus
924 4185 1021 4248 opera
1052 4172 1127 4232 sunt
1156 4169 1282 4248 praeter

120 4280 343 4367 operationes,
372 4277 405 4342 in
426 4278 466 4342 iis
488 4297 585 4362 opera
607 4274 844 4362 operationibus
873 4276 1104 4362 praestantiora
1126 4283 1202 4338 sunt
1229 4273 1281 4356 (cf.

121 4415 216 4478 supra
237 4393 268 4476 h.
293 4391 343 4474 2),
367 4399 475 4456 tamen
497 4388 567 4454 fieri
589 4397 715 4474 potest,
745 4395 782 4454 ut
804 4385 863 4453 arti
884 4387 1069 4473 principali,
1099 4387 1187 4472 cujus
1209 4383 1281 4448 finis

119 4515 170 4570 est
197 4503 359 4590 operatio,
383 4500 590 4586 subjiciantur
620 4499 698 4584 aliae
728 4509 830 4580 ames,
862 4499 978 4583 quibus
1005 4519 1088 4583 opus
1117 4495 1189 4566 finis
1220 4503 1279 4564 est.
