3064 5036
202 1835 516 1944 Praefatio
556 1831 844 1942 editionis
884 1833 1151 1944 alterins

199 2378 295 2450 Cum
329 2376 453 2447 omnia
491 2374 701 2469 posterioris
734 2373 883 2468 quidem
913 2372 1107 2448 voluminis
1139 2361 1259 2449 enem—

97 2509 218 2604 plaria
243 2507 548 2580 commentarium
573 2507 801 2581 continentis
827 2516 866 2578 et
897 2530 996 2580 anno
1036 2507 1137 2581 1835
1169 2508 1259 2580 editi

17 2611 23 2630 ‘
98 2639 291 2715 divendita
302 2640 468 2727 dibeant,
492 2640 622 2734 prioris
647 2661 734 2714 vero
759 2639 955 2712 voluminis
969 2647 1111 2712 textum
1139 2641 1258 2712 conti-

99 2774 226 2846 nentis
251 2795 350 2845 anno
366 2769 461 2842 1829
474 2772 593 2846 solum
616 2774 657 2845 in
681 2773 801 2846 lucem
820 2771 954 2868 prolati
978 2781 1017 2845 et
1040 2771 1259 2846 ann01835

99 2927 197 2978 novo
222 2914 371 2978 tantum
395 2904 504 2976 titulo
529 2905 629 2977 aucti
653 2905 855 3000 compluria
867 2903 989 2977 adhuc
1014 2915 1260 2999 superessent,

99 3038 247 3132 rogavit
288 3061 311 3108 a
346 3059 405 3108 me
436 3033 648 3131 bibliopola,
685 3045 728 3108 ut
759 3045 966 3132 separatam
1004 3038 1259 3110 commentarii

97 3168 302 3242 editionem
333 3164 500 3263 facerem.
535 3169 608 3242 Cui
633 3171 827 3264 rogationi,
852 3170 922 3244 etsi
945 3170 1093 3257 invitus,
1118 3168 1165 3242 ob
1180 3177 1259 3240 tex·

99 3309 163 3372 tus
200 3297 449 3372 conditionem
485 3300 525 3372 in
563 3299 734 3374 editionis
770 3302 901 3396 prioris
938 3301 1164 3396 praefatione
1196 3323 1258 3374 ex·

98 3432 269 3528 positam,
293 3433 463 3504 resistere
489 3432 601 3519 nolui,
624 3433 912 3530 caiamenlege,
936 3441 980 3506 ut
1001 3455 1139 3506 novum
1163 3453 1259 3504 novo

97 3585 186 3635 cum
207 3583 310 3636 anno
338 3563 489 3641 titulum
513 3566 631 3638 textui
654 3533 808 3660 praefigi
839 3588 968 3661 passus
1006 3589 1082 3638 non
1108 3566 1188 3653 sim,
1211 3586 1259 3636 ne

95 3693 182 3787 quis
207 3693 322 3766 lector
346 3695 548 3814 putanerib
574 3695 742 3796 mar-tandi
766 3706 889 3771 textus
914 3699 1057 3792 copiam
1084 3697 1175 3768 mihi
1206 3694 1259 3768 fa·

96 3831 198 3898 ctam
222 3823 344 3898 fuisse.
1045 3820 1049 3826 ’

196 3957 228 4029 Ε
253 3955 529 4030 recensionibus
554 3956 699 4048 criticis,
724 3967 768 4030 ut
797 3968 988 4049 vocantur,
1012 3980 1107 4052 quae
1138 3955 1259 4054 operis

97 4088 171 4160 mci
195 4085 367 4161 inGallia
392 4097 433 4161 ot
447 4088 646 4163 Germania
669 4089 884 4185 prodierint,
908 4091 1001 4166 duas
1025 4099 1174 4166 tantum
1199 4092 1261 4163 hic

97 4219 410 4309 commemorabo,
441 4221 576 4318 quippe
608 4244 702 4314 quae
740 4223 838 4298 solae
868 4225 1077 4300 accuratius
1114 4223 1261 4320 singula
1341 4277 1353 4290 .

96 4348 341 4448 perpendant
398 4351 577 4446 Majorcm
609 4361 735 4429 tamen
766 4353 929 4431 fructum
958 4352 1072 4430 editio
1103 4375 1186 4426 mea
1213 4373 1260 4424 cx

1058 4537 1104 4608 μ
