3064 5036
660 351 827 424 Conspectus
845 354 906 410 libri
929 357 959 411 V.

364 573 415 618 yy.
436 548 633 606 Dissimulator.
655 553 682 617 S.
706 547 838 611 iti-⁴16.

325 624 351 686 i.
373 627 589 684 ostentationem
612 631 825 687 dissimulatione
845 633 964 704 pejorem
985 655 1051 692 esse.
1073 642 1098 705 8.
1124 637 1168 698 17.

295 726 318 760 c.
339 706 454 777 Caput
474 719 650 764 octauum:
671 711 712 765 De
734 713 887 768 urbanitate
908 723 935 768 et
953 715 1010 785 ejus
1031 723 1163 776 extremis.

324 811 352 843 a.
373 785 512 842 Materiam
533 789 629 844 horum
649 789 790 846 habituum
812 811 869 846 esse
887 793 987 862 jocum.
1009 799 1036 862 8.
1060 793 1146 854 1-2.

324 867 646 936 1cllet'miunturvirtus
668 878 695 924 et
714 870 779 924 vitis
798 875 823 926 ei
844 874 977 943 opposita.
999 879 1025 940 8.
1046 871 1136 934 3-4.

324 971 353 1013 γ.
376 946 452 1006 Quis
471 948 623 1017 pertineant
643 949 676 1004 ad
698 965 828 1022 quemque
842 952 955 1008 istorum
967 959 1046 1010 trium
1067 956 1216 1013 habituum.
1238 960 1263 1024 8.
1275 956 1383 1018 5-11.

324 1023 350 1082 i.
373 1025 519 1086 Quomodo
540 1028 663 1081 differant
683 1038 736 1082 tres
758 1031 869 1085 virtutes
890 1035 1005 1088 sociales·
1023 1035 1106 1090 modo
1127 1039 1271 1108 expositae.
1294 1036 1382 1105 812.

295 1104 319 1157 d.
342 1103 457 1175 Caput
478 1123 617 1160 nonum:
638 1109 679 1161 Dc
700 1111 866 1164 uerecundia.

324 1209 351 1240 a.
374 1183 568 1240 Verecundiam
589 1203 644 1241 nou
665 1204 723 1240 esse
744 1188 874 1254 habitum,
895 1208 981 1262 neque
1002 1193 1069 1247 adeo
1092 1195 1225 1250 virtutem.
1247 1201 1273 1262 8.
1297 1192 1382 1254 1-2.

322 1275 350 1332 β.
373 1263 566 1399 ἕετεὲυιιάἰιω
587 1269 672 1320 solam
689 1265 859 1336 juventutem
883 1269 985 1336 decere,
1005 1281 1032 1325 et
1059 1275 1121 1330 mali
1150 1293 1207 1330 esse
1235 1275 1327 1331 uideri.
1355 1282 1381 1344 8.

323 1445 352 1488 y.
374 1422 415 1476 Ex
435 1422 589 1477 conditione
610 1433 701 1478 tumen
722 1427 908 1481 uerecundiam
928 1445 1008 1500 posse
1029 1430 1130 1486 bouum
1140 1431 1235 1488 sideri.
1255 1437 1282 1500 8.
1293 1430 1382 1493 7-8.

264 1494 290 1554 3.
313 1500 354 1554 De
371 1499 491 1568 justitia:
511 1503 618 1557 Liber
637 1503 791 1575 quintus.
886 1504 889 1510 '

293 1597 319 1636 a.
339 1579 381 1634 Dc
402 1581 558 1652 simpliciter
577 1585 618 1636 vel
639 1584 766 1638 naturalis
783 1583 850 1652 justi
871 1586 983 1640 notione
1005 1597 1031 1642 et
1051 1590 1201 1660 speciebus.
1223 1609 1245 1646 c.
1269 1588 1353 1649 1-5.
1380 1579 1383 1586 ’

277 1717 281 1724 ι
322 1685 349 1716 ss.
370 1659 485 1732 Caput
504 1662 657 1733 primum:
679 1663 719 1716 De
736 1662 843 1732 justitia
870 1671 897 1718 et
916 1664 1047 1734 injustitia
1067 1671 1095 1722 in
1116 1687 1221 1740 genere.

361 1765 408 1798 aa.
429 1740 514 1794 Rudis
535 1751 562 1796 et
582 1742 713 1811 generalis
730 1741 851 1810 justitiae
873 1753 900 1798 et
919 1743 1065 1814 injustitiae
1085 1749 1205 1803 delinitio
1226 1751 1279 1817 (vcl
1290 1751 1380 1821 potius

427 1820 543 1875 nominis
564 1821 648 1892 ipsius
668 1821 873 1892 interpretatio).
895 1827 921 1888 8.
945 1820 1030 1881 1-4.

361 1887 408 1968 pi.
429 1899 471 1952 De
492 1901 591 1971 duplici
610 1900 693 1955 modo
710 1900 776 1970 justi
800 1910 827 1956 et
847 1901 947 1972 injusti,
975 1896 1035 1960 cuitu
1063 1915 1111 1962 sut
1135 1907 1206 1962 circa
1232 1909 1304 1978 leges
1332 1915 1379 1963 aut

429 1977 499 2034 circs
518 1981 704 2052 aequalitatem
726 1989 869 2036 versentur.
891 1985 916 2049 8.
938 1979 1046 2041 5-11.
1071 2027 1074 2034 -

361 2083 411 2128 w.
427 2057 503 2112 Prior
519 2059 639 2128 justitiae
661 2055 703 2135 (et
722 2061 878 2130 injustitiae)
899 2065 1015 2132 species.
1036 2083 1104 2136 quac
1122 2064 1242 2136 legitima
1266 2073 1293 2122 et
1319 2066 1377 2120 uni·

428 2141 536 2193 vernalis
556 2147 607 2205 est,
627 2139 796 2194 describitur.
816 2144 842 2206 8.
867 2135 991 2198 12-20.

429 2231 453 2268 c.
473 2219 582 2273 lustitia
602 2219 732 2272 contineri
752 2237 845 2274 omnes
867 2220 985 2276 uirtutes.
1007 2225 1033 2288 8.
1058 2217 1182 2279 12-14.

428 2295 452 2350 B.
474 2299 539 2353 Esse
560 2299 683 2352 virtulem
703 2299 857 2368 perfectam,
878 2317 933 2352 non
954 2309 1044 2357 tamen
1064 2302 1196 2367 ubsolutc,
1216 2298 1264 2356 sed
1290 2302 1313 2356 si
1340 2304 1375 2359 sd

475 2380 587 2432 alterum
607 2377 743 2432 referatur.
766 2381 791 2444 8.
815 2373 939 2436 16-19.
1071 2422 1074 2430 .

426 2471 444 2511 t.
467 2458 613 2520 Quomodo
634 2459 716 2512 virtus
737 2458 841 2512 differat
860 2459 894 2512 ab
916 2460 966 2514 hac
983 2458 1098 2530 justitia.
1119 2462 1145 2525 8.
1166 2454 1214 2516 20.

316 2543 344 2602 β.
368 2533 412 2589 Ca
419 2547 480 2607 put
501 2538 698 2593 secundum:
720 2539 792 2600 Quid
810 2539 916 2608 justitia
934 2539 1103 2610 particularis
1122 2548 1150 2594 et
1170 2541 1324 2612 quotuplex.

264 2684 270 2696 ἱ
358 2639 404 2672 aa.
425 2617 560 2672 iustitiam
580 2619 774 2688 particularem,
795 2636 862 2689 quac
884 2619 1044 2690 aequalitate
1070 2619 1236 2683 continetur,
1261 2618 1373 2673 existere

426 2706 452 2751 et
474 2697 612 2767 ajustitia
631 2697 771 2758 uniuersali
792 2697 930 2766 distingui.
951 2701 976 2762 8.
1001 2692 1087 2752 1-6.

425 2792 448 2830 u.
470 2771 622 2846 naucratim
644 2793 702 2910 e2sae
722 2776 880 2846 pravitatem
902 2775 936 2830 ab
957 2775 1064 2847 reliquis
1085 2775 1209 2829 omuibus
1237 2775 1308 2830 uitiis
1334 2776 1373 2831 di·

471 2874 581 2910 ucrsam.
603 2858 628 2920 8.
670 2896 677 2911 .

423 2936 447 2991 b.
467 2936 556 2990 Etiam
576 2936 739 3007 reliquorum
760 2933 884 2988 vitiorum
902 2931 1072 3006 operationes
1092 2933 1225 2988 interdum
1245 2950 1300 2988 uon
1321 2952 1371 2988 suo

469 3033 501 3069 cr
521 3013 624 3079 habitu,
644 3014 690 3069 sed
712 3009 850 3092 πλιοηξίςι
871 3013 943 3068 oriri.
965 3016 991 3078 8.
1012 3008 1041 3069 4.
1245 3025 1247 3028 ’

423 3111 442 3150 t.
470 3096 498 3150 Si
520 3094 580 3166 quis
607 3103 746 3166 quaestum
766 3092 838 3158 lecit,
860 3093 894 3148 sd
914 3095 1016 3148 nullum
1042 3091 1114 3147 aliud
1140 3091 1234 3146 vitium
1260 3090 1311 3146 nisi
1337 3091 1371 3145 sd

469 3173 627 3243 injustitiam
647 3171 747 3227 referri.
769 3175 794 3238 8.
816 3171 843 3227 5.
925 3188 930 3195 “

353 3270 400 3329 pp,
422 3255 600 3324 Comparatur
627 3251 732 3322 justitia
758 3241 924 3322 particularis
950 3269 1022 3305 cum
1034 3249 1140 3320 justitia
1165 3249 1315 3304 universali.
1342 3251 1369 3314 8.

353 3441 402 3486 γγ.
424 3413 547 3469 Justitiue
567 3408 734 3482 particularis
755 3411 823 3464 duas
842 3427 900 3464 esse
921 3408 1039 3480 specics:
1051 3406 1249 3462 distributivam
1269 3407 1371 3460 scilicet

420 3501 447 3549 st
468 3492 687 3546 commutativam
708 3491 763 3544 sive
784 3489 966 3544 correctivum.
988 3492 1014 3554 8.
1039 3481 1164 3543 12-13.

312 3599 341 3644 y.
364 3573 474 3644 Caput
495 3570 655 3626 tertium:
676 3571 716 3622 De
734 3569 808 3638 justo
830 3568 1009 3622 distributivo.

351 3677 397 3719 aa.
419 3655 459 3706 De
481 3660 575 3706 natura
592 3649 658 3718 justi
680 3647 842 3702 distributivi
863 3647 891 3700 iu
911 3647 1074 3709 uniuersum,
1104 3643 1151 3698 ubi
1176 3643 1256 3698 stium
1284 3643 1371 3696 decla·

420 3740 502 3796 ratur,
522 3729 586 3802 quid
606 3729 631 3782 ei
651 3745 712 3781 cum
725 3725 916 3780 commutativo
934 3726 1010 3795 justo
1031 3727 1066 3778 sit
1078 3741 1227 3778 commune.
1244 3725 1269 3786 8.
1284 3716 1369 3778 1-7.

419 3829 443 3866 u.
463 3812 578 3873 lustum,
598 3817 629 3860 ut
649 3825 771 3877 aequum,
792 3824 850 3861 esse
871 3806 987 3860 medium
1013 3803 1140 3875 quiddam
1161 3802 1230 3856 inter
1255 3803 1315 3871 plus
1343 3809 1371 3854 ct

466 3891 562 3943 minus.
585 3891 610 3952 8.
633 3881 719 3942 1-3.

420 3972 444 4025 b.
465 3969 513 4024 ius
533 3967 561 4020 in
582 3974 697 4037 quatuor
718 3963 856 4018 minimum
878 3961 989 4016 versari:
1010 3960 1115 4014 duabus
1126 3959 1246 4032 personis
1258 3965 1286 4012 et
1306 3957 1370 4011 dua-

466 4049 517 4100 bus
538 4045 626 4098 rebus.
648 4047 673 4110 8.
693 4037 783 4100 4-5.
831 4057 835 4068 “

420 4145 440 4185 t.
461 4125 655 4198 Aequalitstem
668 4123 739 4192 ‘justi
760 4119 922 4175 distributivi
949 4119 983 4172 ad
1011 4117 1170 4188 dignitatem
1195 4131 1370 4184 personarum

466 4207 606 4276 respicere.
633 4205 658 4267 8.
681 4197 768 4258 6-7.

351 4301 399 4362 pp.
420 4287 526 4340 lustum
547 4281 746 4337 distributivum
766 4295 825 4333 essc
845 4277 1055 4348 proportionem.
1077 4278 1103 4341 8.
1124 4267 1232 4330 8-14.

422 4382 446 4420 c.
468 4366 556 4420 Omne
573 4361 618 4430 jus
638 4357 812 4431 proportione
822 4365 955 4422 constare,
976 4361 1069 4426 utpote
1080 4371 1147 4425 quae
1162 4357 1276 4423 qriatuor
1288 4366 1370 4404 mem·

468 4444 524 4498 bris
544 4439 704 4497 continetur.
725 4427 868 4504 §.B—10.
