<?xml version="1.0" encoding="UTF-8"?>
<!DOCTYPE html PUBLIC "-//W3C//DTD XHTML 1.0 Transitional//EN"
    "http://www.w3.org/TR/xhtml1/DTD/xhtml1-transitional.dtd">
<html xmlns="http://www.w3.org/1999/xhtml" xml:lang="en" lang="en">
 <head>
  <title>
</title>
<meta http-equiv="Content-Type" content="text/html;charset=utf-8" />
  <meta name='ocr-system' content='tesseract 3.04.00' />
  <meta name='ocr-capabilities' content='ocr_page ocr_carea ocr_par ocr_line ocrx_word'/>
</head>
<body>
  <div class='ocr_page' id='page_1' title='image "aristotelisethi02arisgoog_0048.png"; bbox 0 0 3064 5036; ppageno 0'>
   <div class='ocr_carea' id='block_1_1' title="bbox 585 326 1336 404">
    <p class='ocr_par' dir='ltr' id='par_1_1' title="bbox 585 326 1336 404">
     <span class='ocr_line' id='line_1_1' title="bbox 585 326 1336 404; baseline 0.016 -20"><span class='ocrx_word' id='word_1_1' title='bbox 585 326 754 404; x_wconf 79' lang='lat' dir='ltr'><strong>Conspectoa</strong></span> <span class='ocrx_word' id='word_1_2' title='bbox 773 327 836 386; x_wconf 87' lang='lat' dir='ltr'><strong>libri</strong></span> <span class='ocrx_word' id='word_1_3' title='bbox 856 329 929 387; x_wconf 91' lang='lat' dir='ltr'>VIII.</span> <span class='ocrx_word' id='word_1_4' title='bbox 1217 339 1336 396; x_wconf 85' lang='lat' dir='ltr'><strong>xxxxl</strong></span> 
     </span>
    </p>
   </div>
   <div class='ocr_carea' id='block_1_2' title="bbox 268 533 1335 4454">
    <p class='ocr_par' dir='ltr' id='par_1_2' title="bbox 273 533 1335 846">
     <span class='ocr_line' id='line_1_2' title="bbox 313 533 1335 613; baseline 0.007 -21"><span class='ocrx_word' id='word_1_5' title='bbox 313 561 356 606; x_wconf 73' lang='grc' dir='ltr'><strong>γγ</strong></span> <span class='ocrx_word' id='word_1_6' title='bbox 379 535 408 592; x_wconf 84' lang='lat' dir='ltr'><strong>Si</strong></span> <span class='ocrx_word' id='word_1_7' title='bbox 429 543 518 590; x_wconf 87' lang='lat' dir='ltr'><strong>tamen</strong></span> <span class='ocrx_word' id='word_1_8' title='bbox 538 535 666 590; x_wconf 84' lang='lat' dir='ltr'><strong>dlatantia</strong></span> <span class='ocrx_word' id='word_1_9' title='bbox 685 536 717 590; x_wconf 84' lang='lat' dir='ltr'><strong>iit</strong></span> <span class='ocrx_word' id='word_1_10' title='bbox 740 533 837 600; x_wconf 87' lang='lat' dir='ltr'><strong>nlmia,</strong></span> <span class='ocrx_word' id='word_1_11' title='bbox 866 534 1012 592; x_wconf 74' lang='lat' dir='ltr'><strong>amicitiam</strong></span> <span class='ocrx_word' id='word_1_12' title='bbox 1040 537 1134 594; x_wconf 89' lang='lat' dir='ltr'><strong>durare</strong></span> <span class='ocrx_word' id='word_1_13' title='bbox 1162 556 1218 594; x_wconf 89' lang='lat' dir='ltr'><strong>non</strong></span> <span class='ocrx_word' id='word_1_14' title='bbox 1244 561 1335 613; x_wconf 88' lang='lat' dir='ltr'><strong>posse.</strong></span> 
     </span>
     <span class='ocr_line' id='line_1_3' title="bbox 273 695 1334 769; baseline 0.008 -20"><span class='ocrx_word' id='word_1_15' title='bbox 273 707 301 767; x_wconf 73' lang='grc' dir='ltr'><strong>β.</strong></span> <span class='ocrx_word' id='word_1_16' title='bbox 324 695 435 767; x_wconf 84' lang='lat' dir='ltr'><strong>Caput</strong></span> <span class='ocrx_word' id='word_1_17' title='bbox 456 703 628 750; x_wconf 78' lang='lat' dir='ltr'><strong>octavum:</strong></span> <span class='ocrx_word' id='word_1_18' title='bbox 649 697 772 750; x_wconf 79' lang='lat' dir='ltr'><strong>Amicum</strong></span> <span class='ocrx_word' id='word_1_19' title='bbox 800 696 887 766; x_wconf 84' lang='lat' dir='ltr'><strong>magis</strong></span> <span class='ocrx_word' id='word_1_20' title='bbox 913 697 1058 751; x_wconf 81' lang='lat' dir='ltr'><strong>consistere</strong></span> <span class='ocrx_word' id='word_1_21' title='bbox 1086 697 1114 751; x_wconf 91' lang='lat' dir='ltr'><strong>in</strong></span> <span class='ocrx_word' id='word_1_22' title='bbox 1140 716 1172 752; x_wconf 89' lang='lat' dir='ltr'><strong>eo</strong></span> <span class='ocrx_word' id='word_1_23' title='bbox 1199 709 1229 754; x_wconf 89' lang='lat' dir='ltr'><strong>ut</strong></span> <span class='ocrx_word' id='word_1_24' title='bbox 1255 713 1334 769; x_wconf 86' lang='lat' dir='ltr'><strong>amet,</strong></span> 
     </span>
     <span class='ocr_line' id='line_1_4' title="bbox 326 785 592 846; baseline 0.008 -18"><span class='ocrx_word' id='word_1_25' title='bbox 326 793 406 846; x_wconf 88' lang='lat' dir='ltr'><strong>quam</strong></span> <span class='ocrx_word' id='word_1_26' title='bbox 427 785 456 828; x_wconf 89' lang='lat' dir='ltr'><strong>nt</strong></span> <span class='ocrx_word' id='word_1_27' title='bbox 481 785 592 830; x_wconf 88' lang='lat' dir='ltr'><strong>ametur.</strong></span> 
     </span>
    </p>

    <p class='ocr_par' dir='ltr' id='par_1_3' title="bbox 315 855 1334 930">
     <span class='ocr_line' id='line_1_5' title="bbox 315 855 1334 930; baseline 0.002 -17"><span class='ocrx_word' id='word_1_28' title='bbox 315 881 361 913; x_wconf 77' lang='lat' dir='ltr'><strong>aa·</strong></span> <span class='ocrx_word' id='word_1_29' title='bbox 384 855 488 926; x_wconf 88' lang='lat' dir='ltr'><strong>Cupere</strong></span> <span class='ocrx_word' id='word_1_30' title='bbox 515 858 647 929; x_wconf 89' lang='lat' dir='ltr'><strong>plurimos</strong></span> <span class='ocrx_word' id='word_1_31' title='bbox 674 857 757 908; x_wconf 88' lang='lat' dir='ltr'><strong>amari</strong></span> <span class='ocrx_word' id='word_1_32' title='bbox 784 857 871 924; x_wconf 86' lang='lat' dir='ltr'><strong>magis</strong></span> <span class='ocrx_word' id='word_1_33' title='bbox 899 874 979 926; x_wconf 89' lang='lat' dir='ltr'><strong>quam</strong></span> <span class='ocrx_word' id='word_1_34' title='bbox 1007 874 1112 923; x_wconf 87' lang='lat' dir='ltr'><strong>amare,</strong></span> <span class='ocrx_word' id='word_1_35' title='bbox 1143 861 1207 930; x_wconf 91' lang='lat' dir='ltr'><strong>quia</strong></span> <span class='ocrx_word' id='word_1_36' title='bbox 1232 861 1334 916; x_wconf 84' lang='lat' dir='ltr'>honore</span> 
     </span>
    </p>

    <p class='ocr_par' dir='ltr' id='par_1_4' title="bbox 272 935 1334 2112">
     <span class='ocr_line' id='line_1_6' title="bbox 379 935 1333 1007; baseline 0.008 -19"><span class='ocrx_word' id='word_1_37' title='bbox 379 943 506 1007; x_wconf 77' lang='lat' dir='ltr'><strong>turaquam</strong></span> <span class='ocrx_word' id='word_1_38' title='bbox 526 935 648 991; x_wconf 86' lang='lat' dir='ltr'><strong>beneficii</strong></span> <span class='ocrx_word' id='word_1_39' title='bbox 669 935 818 1007; x_wconf 89' lang='lat' dir='ltr'><strong>accipiendi</strong></span> <span class='ocrx_word' id='word_1_40' title='bbox 844 935 945 990; x_wconf 89' lang='lat' dir='ltr'><strong>indicio</strong></span> <span class='ocrx_word' id='word_1_41' title='bbox 973 943 1000 990; x_wconf 91' lang='lat' dir='ltr'><strong>ct</strong></span> <span class='ocrx_word' id='word_1_42' title='bbox 1021 937 1133 1007; x_wconf 81' lang='lat' dir='ltr'><strong>pignore</strong></span> <span class='ocrx_word' id='word_1_43' title='bbox 1161 939 1333 996; x_wconf 86' lang='lat' dir='ltr'><strong>delcetantur.</strong></span> 
     </span>
     <span class='ocr_line' id='line_1_7' title="bbox 313 1012 1334 1171; baseline 0.005 -22"><span class='ocrx_word' id='word_1_44' title='bbox 313 1111 360 1171; x_wconf 70' lang='lat' dir='ltr'><strong>pp.</strong></span> <span class='ocrx_word' id='word_1_45' title='bbox 380 1012 478 1150; x_wconf 69' lang='lat' dir='ltr'><strong>§Amare</strong></span> <span class='ocrx_word' id='word_1_46' title='bbox 499 1114 558 1150; x_wconf 88' lang='lat' dir='ltr'><strong>esse</strong></span> <span class='ocrx_word' id='word_1_47' title='bbox 578 1097 717 1168; x_wconf 89' lang='lat' dir='ltr'><strong>proprium</strong></span> <span class='ocrx_word' id='word_1_48' title='bbox 739 1103 765 1148; x_wconf 90' lang='lat' dir='ltr'><strong>et</strong></span> <span class='ocrx_word' id='word_1_49' title='bbox 785 1096 911 1148; x_wconf 86' lang='lat' dir='ltr'><strong>virtutem</strong></span> <span class='ocrx_word' id='word_1_50' title='bbox 940 1103 967 1148; x_wconf 88' lang='lat' dir='ltr'><strong>et</strong></span> <span class='ocrx_word' id='word_1_51' title='bbox 998 1095 1133 1150; x_wconf 88' lang='lat' dir='ltr'><strong>vinculum</strong></span> <span class='ocrx_word' id='word_1_52' title='bbox 1161 1099 1241 1152; x_wconf 87' lang='lat' dir='ltr'><strong>etiam</strong></span> <span class='ocrx_word' id='word_1_53' title='bbox 1263 1101 1334 1154; x_wconf 87' lang='lat' dir='ltr'><strong>inac-</strong></span> 
     </span>
     <span class='ocr_line' id='line_1_8' title="bbox 380 1177 1333 1248; baseline 0.005 -18"><span class='ocrx_word' id='word_1_54' title='bbox 380 1179 499 1248; x_wconf 90' lang='lat' dir='ltr'><strong>qualium</strong></span> <span class='ocrx_word' id='word_1_55' title='bbox 520 1178 705 1240; x_wconf 76' lang='lat' dir='ltr'><strong>amicitiarum,</strong></span> <span class='ocrx_word' id='word_1_56' title='bbox 726 1192 781 1228; x_wconf 92' lang='lat' dir='ltr'><strong>non</strong></span> <span class='ocrx_word' id='word_1_57' title='bbox 802 1184 892 1229; x_wconf 89' lang='lat' dir='ltr'><strong>tamen</strong></span> <span class='ocrx_word' id='word_1_58' title='bbox 911 1193 993 1246; x_wconf 86' lang='lat' dir='ltr'><strong>posse</strong></span> <span class='ocrx_word' id='word_1_59' title='bbox 1015 1177 1062 1230; x_wconf 89' lang='lat' dir='ltr'><strong>diu</strong></span> <span class='ocrx_word' id='word_1_60' title='bbox 1083 1179 1134 1231; x_wconf 86' lang='lat' dir='ltr'><strong>nisi</strong></span> <span class='ocrx_word' id='word_1_61' title='bbox 1156 1179 1225 1232; x_wconf 90' lang='lat' dir='ltr'><strong>inter</strong></span> <span class='ocrx_word' id='word_1_62' title='bbox 1245 1179 1333 1236; x_wconf 86' lang='lat' dir='ltr'><strong>bonos</strong></span> 
     </span>
     <span class='ocr_line' id='line_1_9' title="bbox 383 1250 1133 1330; baseline 0.003 -20"><span class='ocrx_word' id='word_1_63' title='bbox 383 1259 503 1311; x_wconf 80' lang='lat' dir='ltr'><strong>existere.</strong></span> <span class='ocrx_word' id='word_1_64' title='bbox 526 1253 553 1330; x_wconf 58' lang='grc' dir='ltr'><strong>ᾧ.</strong></span> <span class='ocrx_word' id='word_1_65' title='bbox 581 1250 664 1314; x_wconf 84' lang='grc'><strong>3-5.</strong></span> <span class='ocrx_word' id='word_1_66' title='bbox 1131 1321 1133 1326; x_wconf 28' lang='grc' dir='ltr'>Ι</span> 
     </span>
     <span class='ocr_line' id='line_1_10' title="bbox 314 1335 1333 1408; baseline 0.002 -17"><span class='ocrx_word' id='word_1_67' title='bbox 314 1363 364 1406; x_wconf 72' lang='grc' dir='ltr'><strong>γγ.</strong></span> <span class='ocrx_word' id='word_1_68' title='bbox 379 1337 549 1391; x_wconf 73' lang='lat' dir='ltr'><strong>stabiliorem</strong></span> <span class='ocrx_word' id='word_1_69' title='bbox 570 1337 758 1407; x_wconf 87' lang='lat' dir='ltr'><strong>oppositorum</strong></span> <span class='ocrx_word' id='word_1_70' title='bbox 779 1335 924 1390; x_wconf 79' lang='lat' dir='ltr'><strong>amicitiam</strong></span> <span class='ocrx_word' id='word_1_71' title='bbox 944 1353 1019 1404; x_wconf 87' lang='lat' dir='ltr'><strong>esse,</strong></span> <span class='ocrx_word' id='word_1_72' title='bbox 1047 1355 1101 1408; x_wconf 94' lang='lat' dir='ltr'><strong>quo</strong></span> <span class='ocrx_word' id='word_1_73' title='bbox 1126 1339 1212 1407; x_wconf 79' lang='lat' dir='ltr'><strong>magis</strong></span> <span class='ocrx_word' id='word_1_74' title='bbox 1238 1347 1333 1393; x_wconf 88' lang='lat' dir='ltr'><strong>mutuo</strong></span> 
     </span>
     <span class='ocr_line' id='line_1_11' title="bbox 383 1415 1334 1489; baseline 0.006 -20"><span class='ocrx_word' id='word_1_75' title='bbox 383 1434 471 1472; x_wconf 89' lang='lat' dir='ltr'><strong>amore</strong></span> <span class='ocrx_word' id='word_1_76' title='bbox 503 1435 535 1472; x_wconf 87' lang='lat' dir='ltr'><strong>ex</strong></span> <span class='ocrx_word' id='word_1_77' title='bbox 560 1418 684 1471; x_wconf 82' lang='lat' dir='ltr'><strong>extremis</strong></span> <span class='ocrx_word' id='word_1_78' title='bbox 713 1416 747 1470; x_wconf 91' lang='lat' dir='ltr'><strong>ad</strong></span> <span class='ocrx_word' id='word_1_79' title='bbox 773 1415 985 1471; x_wconf 84' lang='lat' dir='ltr'><strong>mediocritatem</strong></span> <span class='ocrx_word' id='word_1_80' title='bbox 1018 1417 1166 1488; x_wconf 84' lang='lat' dir='ltr'><strong>quandam,</strong></span> <span class='ocrx_word' id='word_1_81' title='bbox 1194 1437 1261 1489; x_wconf 67' lang='lat' dir='ltr'><strong>elnac</strong></span> <span class='ocrx_word' id='word_1_82' title='bbox 1294 1431 1334 1474; x_wconf 85' lang='lat' dir='ltr'><strong>cst</strong></span> 
     </span>
     <span class='ocr_line' id='line_1_12' title="bbox 380 1489 914 1569; baseline 0 -20"><span class='ocrx_word' id='word_1_83' title='bbox 380 1496 461 1563; x_wconf 90' lang='lat' dir='ltr'><strong>bona,</strong></span> <span class='ocrx_word' id='word_1_84' title='bbox 482 1499 619 1569; x_wconf 84' lang='lat' dir='ltr'><strong>pervenire</strong></span> <span class='ocrx_word' id='word_1_85' title='bbox 641 1498 759 1567; x_wconf 87' lang='lat' dir='ltr'><strong>cupiant.</strong></span> <span class='ocrx_word' id='word_1_86' title='bbox 783 1490 808 1566; x_wconf 63' lang='lat' dir='ltr'><strong>b.</strong></span> <span class='ocrx_word' id='word_1_87' title='bbox 831 1489 914 1552; x_wconf 84' lang='lat'><strong>6-8.</strong></span> 
     </span>
     <span class='ocr_line' id='line_1_13' title="bbox 274 1573 904 1646; baseline 0.005 -19"><span class='ocrx_word' id='word_1_88' title='bbox 274 1600 304 1644; x_wconf 68' lang='lat' dir='ltr'><strong>y.</strong></span> <span class='ocrx_word' id='word_1_89' title='bbox 326 1573 440 1646; x_wconf 82' lang='lat' dir='ltr'><strong>Capiat</strong></span> <span class='ocrx_word' id='word_1_90' title='bbox 460 1595 601 1632; x_wconf 87' lang='lat' dir='ltr'><strong>nonum:</strong></span> <span class='ocrx_word' id='word_1_91' title='bbox 623 1577 664 1630; x_wconf 91' lang='lat' dir='ltr'><strong>Dc</strong></span> <span class='ocrx_word' id='word_1_92' title='bbox 685 1578 757 1630; x_wconf 90' lang='lat' dir='ltr'><strong>cirili</strong></span> <span class='ocrx_word' id='word_1_93' title='bbox 778 1578 904 1630; x_wconf 85' lang='lat' dir='ltr'><strong>amicitia.</strong></span> 
     </span>
     <span class='ocr_line' id='line_1_14' title="bbox 313 1654 1333 1726; baseline 0.001 -13"><span class='ocrx_word' id='word_1_94' title='bbox 313 1680 359 1713; x_wconf 74' lang='lat' dir='ltr'><strong>aa.</strong></span> <span class='ocrx_word' id='word_1_95' title='bbox 380 1659 532 1712; x_wconf 85' lang='lat' dir='ltr'><strong>Amicitiam</strong></span> <span class='ocrx_word' id='word_1_96' title='bbox 552 1675 668 1721; x_wconf 89' lang='lat' dir='ltr'><strong>omnem,</strong></span> <span class='ocrx_word' id='word_1_97' title='bbox 688 1656 785 1712; x_wconf 90' lang='lat' dir='ltr'><strong>eodem</strong></span> <span class='ocrx_word' id='word_1_98' title='bbox 808 1658 890 1712; x_wconf 90' lang='lat' dir='ltr'><strong>modo</strong></span> <span class='ocrx_word' id='word_1_99' title='bbox 912 1674 943 1710; x_wconf 89' lang='lat' dir='ltr'><strong>ac</strong></span> <span class='ocrx_word' id='word_1_100' title='bbox 960 1654 1103 1726; x_wconf 84' lang='lat' dir='ltr'><strong>justitium,</strong></span> <span class='ocrx_word' id='word_1_101' title='bbox 1131 1660 1277 1714; x_wconf 82' lang='lat' dir='ltr'><strong>consistere</strong></span> <span class='ocrx_word' id='word_1_102' title='bbox 1304 1660 1333 1714; x_wconf 89' lang='lat' dir='ltr'><strong>in</strong></span> 
     </span>
     <span class='ocr_line' id='line_1_15' title="bbox 380 1731 670 1810; baseline 0 -20"><span class='ocrx_word' id='word_1_103' title='bbox 380 1737 516 1792; x_wconf 85' lang='lat' dir='ltr'><strong>societate.</strong></span> <span class='ocrx_word' id='word_1_104' title='bbox 537 1733 565 1810; x_wconf 68' lang='grc' dir='ltr'><strong>ξ.</strong></span> <span class='ocrx_word' id='word_1_105' title='bbox 588 1731 670 1794; x_wconf 82' lang='grc'><strong>1-3.</strong></span> 
     </span>
     <span class='ocr_line' id='line_1_16' title="bbox 312 1816 1333 1886; baseline 0.003 -14"><span class='ocrx_word' id='word_1_106' title='bbox 312 1826 359 1886; x_wconf 63' lang='lat' dir='ltr'><strong>pp.</strong></span> <span class='ocrx_word' id='word_1_107' title='bbox 375 1817 477 1872; x_wconf 89' lang='lat' dir='ltr'><strong>Omnes</strong></span> <span class='ocrx_word' id='word_1_108' title='bbox 498 1821 641 1872; x_wconf 85' lang='lat' dir='ltr'><strong>socletates</strong></span> <span class='ocrx_word' id='word_1_109' title='bbox 663 1817 697 1870; x_wconf 90' lang='lat' dir='ltr'><strong>ad</strong></span> <span class='ocrx_word' id='word_1_110' title='bbox 718 1816 822 1871; x_wconf 87' lang='lat' dir='ltr'><strong>civilem</strong></span> <span class='ocrx_word' id='word_1_111' title='bbox 844 1817 1001 1872; x_wconf 84' lang='lat' dir='ltr'><strong>societatem</strong></span> <span class='ocrx_word' id='word_1_112' title='bbox 1015 1819 1143 1883; x_wconf 90' lang='lat' dir='ltr'><strong>rcroeari,</strong></span> <span class='ocrx_word' id='word_1_113' title='bbox 1164 1826 1191 1873; x_wconf 88' lang='lat' dir='ltr'><strong>et</strong></span> <span class='ocrx_word' id='word_1_114' title='bbox 1212 1820 1333 1876; x_wconf 87' lang='lat' dir='ltr'><strong>membra</strong></span> 
     </span>
     <span class='ocr_line' id='line_1_17' title="bbox 379 1892 674 1968; baseline 0.003 -18"><span class='ocrx_word' id='word_1_115' title='bbox 379 1896 436 1966; x_wconf 85' lang='lat' dir='ltr'><strong>ejus</strong></span> <span class='ocrx_word' id='word_1_116' title='bbox 457 1915 524 1954; x_wconf 89' lang='lat' dir='ltr'><strong>esse.</strong></span> <span class='ocrx_word' id='word_1_117' title='bbox 546 1893 570 1968; x_wconf 57' lang='grc' dir='ltr'><strong>ᾗ.</strong></span> <span class='ocrx_word' id='word_1_118' title='bbox 591 1892 674 1954; x_wconf 83' lang='grc'>4-6.</span> 
     </span>
     <span class='ocr_line' id='line_1_18' title="bbox 272 1971 1332 2055; baseline 0.004 -21"><span class='ocrx_word' id='word_1_119' title='bbox 272 1971 299 2034; x_wconf 69' lang='lat' dir='ltr'><strong>d.</strong></span> <span class='ocrx_word' id='word_1_120' title='bbox 320 1975 433 2049; x_wconf 86' lang='lat' dir='ltr'><strong>Caput</strong></span> <span class='ocrx_word' id='word_1_121' title='bbox 455 1978 638 2034; x_wconf 88' lang='lat' dir='ltr'><strong>decimum:</strong></span> <span class='ocrx_word' id='word_1_122' title='bbox 659 1978 700 2032; x_wconf 90' lang='lat' dir='ltr'><strong>De</strong></span> <span class='ocrx_word' id='word_1_123' title='bbox 721 1977 808 2032; x_wconf 88' lang='lat' dir='ltr'><strong>tribus</strong></span> <span class='ocrx_word' id='word_1_124' title='bbox 829 1977 990 2050; x_wconf 86' lang='lat' dir='ltr'><strong>reipublicae</strong></span> <span class='ocrx_word' id='word_1_125' title='bbox 1015 1978 1165 2049; x_wconf 78' lang='lat' dir='ltr'><strong>generibus,</strong></span> <span class='ocrx_word' id='word_1_126' title='bbox 1187 1998 1332 2055; x_wconf 88' lang='lat' dir='ltr'><strong>eorumque</strong></span> 
     </span>
     <span class='ocr_line' id='line_1_19' title="bbox 322 2055 557 2112; baseline 0.021 -5"><span class='ocrx_word' id='word_1_127' title='bbox 322 2055 557 2112; x_wconf 87' lang='lat' dir='ltr'><strong>declinationibus.</strong></span> 
     </span>
    </p>

    <p class='ocr_par' dir='ltr' id='par_1_5' title="bbox 312 2138 1332 2216">
     <span class='ocr_line' id='line_1_20' title="bbox 312 2138 1332 2216; baseline 0.004 -22"><span class='ocrx_word' id='word_1_128' title='bbox 312 2161 358 2194; x_wconf 78' lang='lat' dir='ltr'><strong>aa.</strong></span> <span class='ocrx_word' id='word_1_129' title='bbox 380 2139 447 2192; x_wconf 81' lang='lat' dir='ltr'><strong>Tres</strong></span> <span class='ocrx_word' id='word_1_130' title='bbox 467 2138 628 2210; x_wconf 86' lang='lat' dir='ltr'><strong>reipublicae</strong></span> <span class='ocrx_word' id='word_1_131' title='bbox 649 2139 751 2210; x_wconf 85' lang='lat' dir='ltr'><strong>species</strong></span> <span class='ocrx_word' id='word_1_132' title='bbox 772 2155 832 2191; x_wconf 90' lang='lat' dir='ltr'><strong>esse</strong></span> <span class='ocrx_word' id='word_1_133' title='bbox 852 2156 973 2208; x_wconf 87' lang='lat' dir='ltr'><strong>regnum,</strong></span> <span class='ocrx_word' id='word_1_134' title='bbox 1001 2139 1172 2210; x_wconf 89' lang='lat' dir='ltr'><strong>optimatium</strong></span> <span class='ocrx_word' id='word_1_135' title='bbox 1198 2143 1332 2216; x_wconf 90' lang='lat' dir='ltr'><strong>principa-</strong></span> 
     </span>
    </p>

    <p class='ocr_par' dir='ltr' id='par_1_6' title="bbox 379 2213 1009 2292">
     <span class='ocr_line' id='line_1_21' title="bbox 379 2213 1009 2292; baseline 0.006 -22"><span class='ocrx_word' id='word_1_136' title='bbox 379 2226 486 2273; x_wconf 87' lang='lat' dir='ltr'><strong>tumet</strong></span> <span class='ocrx_word' id='word_1_137' title='bbox 507 2221 686 2273; x_wconf 89' lang='lat' dir='ltr'><strong>timocratiam</strong></span> <span class='ocrx_word' id='word_1_138' title='bbox 707 2220 762 2272; x_wconf 87' lang='lat' dir='ltr'><strong>sire</strong></span> <span class='ocrx_word' id='word_1_139' title='bbox 782 2220 912 2288; x_wconf 88' lang='lat' dir='ltr'><strong>politiam.</strong></span> <span class='ocrx_word' id='word_1_140' title='bbox 934 2214 959 2292; x_wconf 82' lang='lat'><strong>§.</strong></span> <span class='ocrx_word' id='word_1_141' title='bbox 984 2213 1009 2274; x_wconf 89' lang='grc'><strong>1.</strong></span> 
     </span>
    </p>

    <p class='ocr_par' dir='ltr' id='par_1_7' title="bbox 310 2297 1332 2369">
     <span class='ocr_line' id='line_1_22' title="bbox 310 2297 1332 2369; baseline 0.006 -17"><span class='ocrx_word' id='word_1_142' title='bbox 310 2306 357 2367; x_wconf 65' lang='lat' dir='ltr'><strong>pp.</strong></span> <span class='ocrx_word' id='word_1_143' title='bbox 379 2297 575 2369; x_wconf 86' lang='lat' dir='ltr'><strong>Comparantur</strong></span> <span class='ocrx_word' id='word_1_144' title='bbox 595 2299 645 2353; x_wconf 88' lang='lat' dir='ltr'><strong>hae</strong></span> <span class='ocrx_word' id='word_1_145' title='bbox 665 2299 828 2368; x_wconf 88' lang='lat' dir='ltr'><strong>reipublicae</strong></span> <span class='ocrx_word' id='word_1_146' title='bbox 850 2299 951 2369; x_wconf 86' lang='lat' dir='ltr'><strong>speeies</strong></span> <span class='ocrx_word' id='word_1_147' title='bbox 976 2319 1037 2354; x_wconf 91' lang='lat' dir='ltr'><strong>cum</strong></span> <span class='ocrx_word' id='word_1_148' title='bbox 1065 2302 1120 2354; x_wconf 90' lang='lat' dir='ltr'><strong>suis</strong></span> <span class='ocrx_word' id='word_1_149' title='bbox 1148 2301 1332 2358; x_wconf 87' lang='lat' dir='ltr'><strong>declinationi-</strong></span> 
     </span>
    </p>

    <p class='ocr_par' dir='ltr' id='par_1_8' title="bbox 379 2375 1113 2451">
     <span class='ocr_line' id='line_1_23' title="bbox 379 2375 1113 2451; baseline 0.003 -20"><span class='ocrx_word' id='word_1_150' title='bbox 379 2378 440 2445; x_wconf 91' lang='lat' dir='ltr'><strong>bus,</strong></span> <span class='ocrx_word' id='word_1_151' title='bbox 461 2379 600 2451; x_wconf 86' lang='lat' dir='ltr'><strong>tyrannide</strong></span> <span class='ocrx_word' id='word_1_152' title='bbox 621 2379 768 2449; x_wconf 86' lang='lat' dir='ltr'><strong>oligarchia</strong></span> <span class='ocrx_word' id='word_1_153' title='bbox 788 2379 960 2434; x_wconf 84' lang='lat' dir='ltr'><strong>democratia.</strong></span> <span class='ocrx_word' id='word_1_154' title='bbox 983 2377 1008 2451; x_wconf 62' lang='lat' dir='ltr'><strong>d.</strong></span> <span class='ocrx_word' id='word_1_155' title='bbox 1029 2375 1113 2435; x_wconf 82' lang='grc'><em>2-5.</em></span> 
     </span>
    </p>

    <p class='ocr_par' dir='ltr' id='par_1_9' title="bbox 379 2459 1332 2692">
     <span class='ocr_line' id='line_1_24' title="bbox 379 2459 1332 2532; baseline 0.004 -20"><span class='ocrx_word' id='word_1_156' title='bbox 379 2476 403 2512; x_wconf 87' lang='lat' dir='ltr'><strong>o.</strong></span> <span class='ocrx_word' id='word_1_157' title='bbox 442 2459 630 2532; x_wconf 76' lang='lat' dir='ltr'><strong>Tyrannidcrn,</strong></span> <span class='ocrx_word' id='word_1_158' title='bbox 654 2466 747 2528; x_wconf 89' lang='lat' dir='ltr'><strong>utpote</strong></span> <span class='ocrx_word' id='word_1_159' title='bbox 767 2460 852 2527; x_wconf 82' lang='lat' dir='ltr'><strong>regui,</strong></span> <span class='ocrx_word' id='word_1_160' title='bbox 871 2459 889 2513; x_wconf 93' lang='lat' dir='ltr'><strong>i.</strong></span> <span class='ocrx_word' id='word_1_161' title='bbox 912 2475 934 2512; x_wconf 85' lang='lat' dir='ltr'><strong>c.</strong></span> <span class='ocrx_word' id='word_1_162' title='bbox 956 2459 1072 2527; x_wconf 83' lang='lat' dir='ltr'><strong>optimae</strong></span> <span class='ocrx_word' id='word_1_163' title='bbox 1100 2459 1230 2526; x_wconf 81' lang='lat' dir='ltr'><strong>civitatis,</strong></span> <span class='ocrx_word' id='word_1_164' title='bbox 1253 2462 1332 2516; x_wconf 88' lang='lat' dir='ltr'><strong>decli-</strong></span> 
     </span>
     <span class='ocr_line' id='line_1_25' title="bbox 442 2537 1330 2610; baseline 0.003 -18"><span class='ocrx_word' id='word_1_165' title='bbox 442 2540 589 2610; x_wconf 83' lang='lat' dir='ltr'><strong>nationem,</strong></span> <span class='ocrx_word' id='word_1_166' title='bbox 610 2557 670 2593; x_wconf 87' lang='lat' dir='ltr'><strong>esse</strong></span> <span class='ocrx_word' id='word_1_167' title='bbox 690 2537 843 2608; x_wconf 88' lang='lat' dir='ltr'><strong>pessimam,</strong></span> <span class='ocrx_word' id='word_1_168' title='bbox 865 2555 942 2590; x_wconf 87' lang='lat' dir='ltr'><strong>suam</strong></span> <span class='ocrx_word' id='word_1_169' title='bbox 963 2547 1068 2592; x_wconf 86' lang='lat' dir='ltr'><strong>tanturn</strong></span> <span class='ocrx_word' id='word_1_170' title='bbox 1086 2557 1146 2590; x_wconf 91' lang='lat' dir='ltr'><strong>eum</strong></span> <span class='ocrx_word' id='word_1_171' title='bbox 1162 2549 1264 2608; x_wconf 82' lang='lat' dir='ltr'><strong>spectet</strong></span> <span class='ocrx_word' id='word_1_172' title='bbox 1279 2544 1330 2596; x_wconf 83' lang='lat' dir='ltr'><strong>reti·</strong></span> 
     </span>
     <span class='ocr_line' id='line_1_26' title="bbox 442 2613 1155 2692; baseline 0 -20"><span class='ocrx_word' id='word_1_173' title='bbox 442 2622 553 2684; x_wconf 90' lang='lat' dir='ltr'><strong>litatem,</strong></span> <span class='ocrx_word' id='word_1_174' title='bbox 574 2637 620 2674; x_wconf 86' lang='lat' dir='ltr'><strong>rex</strong></span> <span class='ocrx_word' id='word_1_175' title='bbox 641 2636 743 2683; x_wconf 86' lang='lat' dir='ltr'><strong>eorum,</strong></span> <span class='ocrx_word' id='word_1_176' title='bbox 762 2617 861 2689; x_wconf 88' lang='lat' dir='ltr'><strong>quibus</strong></span> <span class='ocrx_word' id='word_1_177' title='bbox 881 2617 1002 2686; x_wconf 89' lang='lat' dir='ltr'><strong>imperat.</strong></span> <span class='ocrx_word' id='word_1_178' title='bbox 1025 2615 1051 2692; x_wconf 60' lang='lat' dir='ltr'><strong>d.</strong></span> <span class='ocrx_word' id='word_1_179' title='bbox 1072 2613 1155 2674; x_wconf 80' lang='grc'>2-3.</span> 
     </span>
    </p>

    <p class='ocr_par' dir='ltr' id='par_1_10' title="bbox 378 2698 1329 2851">
     <span class='ocr_line' id='line_1_27' title="bbox 378 2698 1329 2770; baseline 0.003 -16"><span class='ocrx_word' id='word_1_180' title='bbox 378 2702 401 2754; x_wconf 85' lang='lat' dir='ltr'><strong>b.</strong></span> <span class='ocrx_word' id='word_1_181' title='bbox 441 2699 480 2754; x_wconf 77' lang='lat' dir='ltr'><strong>Ex</strong></span> <span class='ocrx_word' id='word_1_182' title='bbox 514 2701 682 2754; x_wconf 84' lang='lat' dir='ltr'><strong>aristocratia</strong></span> <span class='ocrx_word' id='word_1_183' title='bbox 716 2699 745 2751; x_wconf 92' lang='lat' dir='ltr'><strong>in</strong></span> <span class='ocrx_word' id='word_1_184' title='bbox 780 2698 954 2768; x_wconf 81' lang='lat' dir='ltr'><strong>oligarchiam</strong></span> <span class='ocrx_word' id='word_1_185' title='bbox 990 2701 1048 2752; x_wconf 87' lang='lat' dir='ltr'><strong>fieri</strong></span> <span class='ocrx_word' id='word_1_186' title='bbox 1082 2703 1329 2770; x_wconf 86' lang='lat' dir='ltr'><strong>eomnrrrtatiorrern,</strong></span> 
     </span>
     <span class='ocr_line' id='line_1_28' title="bbox 440 2779 1328 2851; baseline 0.007 -19"><span class='ocrx_word' id='word_1_187' title='bbox 440 2781 549 2850; x_wconf 89' lang='lat' dir='ltr'><strong>quando</strong></span> <span class='ocrx_word' id='word_1_188' title='bbox 570 2783 649 2851; x_wconf 88' lang='lat' dir='ltr'><strong>pauci</strong></span> <span class='ocrx_word' id='word_1_189' title='bbox 663 2780 776 2849; x_wconf 90' lang='lat' dir='ltr'><strong>irnperio</strong></span> <span class='ocrx_word' id='word_1_190' title='bbox 790 2780 940 2849; x_wconf 88' lang='lat' dir='ltr'><strong>potiuntur,</strong></span> <span class='ocrx_word' id='word_1_191' title='bbox 962 2779 1033 2850; x_wconf 92' lang='lat' dir='ltr'><strong>iique</strong></span> <span class='ocrx_word' id='word_1_192' title='bbox 1054 2779 1170 2850; x_wconf 87' lang='lat' dir='ltr'><strong>improbi</strong></span> <span class='ocrx_word' id='word_1_193' title='bbox 1186 2799 1215 2834; x_wconf 82' lang='lat' dir='ltr'><strong>ec</strong></span> <span class='ocrx_word' id='word_1_194' title='bbox 1230 2785 1328 2838; x_wconf 82' lang='lat' dir='ltr'><strong>vitiosi.</strong></span> 
     </span>
    </p>

    <p class='ocr_par' dir='ltr' id='par_1_11' title="bbox 377 2939 1328 3092">
     <span class='ocr_line' id='line_1_29' title="bbox 377 2939 1328 3000; baseline 0.005 -6"><span class='ocrx_word' id='word_1_195' title='bbox 377 2956 397 2996; x_wconf 81' lang='lat' dir='ltr'><strong>c.</strong></span> <span class='ocrx_word' id='word_1_196' title='bbox 441 2940 675 2994; x_wconf 86' lang='lat' dir='ltr'><strong>Democratiame</strong></span> <span class='ocrx_word' id='word_1_197' title='bbox 704 2941 855 2994; x_wconf 86' lang='lat' dir='ltr'><strong>timocratia</strong></span> <span class='ocrx_word' id='word_1_198' title='bbox 881 2946 1011 2994; x_wconf 86' lang='lat' dir='ltr'><strong>mutatam</strong></span> <span class='ocrx_word' id='word_1_199' title='bbox 1039 2939 1177 2995; x_wconf 87' lang='lat' dir='ltr'><strong>minimum</strong></span> <span class='ocrx_word' id='word_1_200' title='bbox 1206 2943 1328 3000; x_wconf 84' lang='lat' dir='ltr'><strong>vitiosam</strong></span> 
     </span>
     <span class='ocr_line' id='line_1_30' title="bbox 442 3013 926 3092; baseline -0.006 -18"><span class='ocrx_word' id='word_1_201' title='bbox 442 3037 501 3074; x_wconf 89' lang='lat' dir='ltr'><strong>csse</strong></span> <span class='ocrx_word' id='word_1_202' title='bbox 521 3019 688 3089; x_wconf 85' lang='lat' dir='ltr'><strong>reipublicae</strong></span> <span class='ocrx_word' id='word_1_203' title='bbox 703 3019 825 3073; x_wconf 81' lang='lat' dir='ltr'><strong>sormam.</strong></span> <span class='ocrx_word' id='word_1_204' title='bbox 851 3013 877 3092; x_wconf 83' lang='lat'><strong>§.</strong></span> <span class='ocrx_word' id='word_1_205' title='bbox 899 3015 926 3073; x_wconf 86' lang='lat'><strong>5.</strong></span> 
     </span>
    </p>

    <p class='ocr_par' dir='ltr' id='par_1_12' title="bbox 310 3100 1328 3172">
     <span class='ocr_line' id='line_1_31' title="bbox 310 3100 1328 3172; baseline 0.005 -18"><span class='ocrx_word' id='word_1_206' title='bbox 310 3127 360 3172; x_wconf 65' lang='lat' dir='ltr'><strong>pp.</strong></span> <span class='ocrx_word' id='word_1_207' title='bbox 376 3101 570 3155; x_wconf 84' lang='lat' dir='ltr'><strong>Similitudines</strong></span> <span class='ocrx_word' id='word_1_208' title='bbox 591 3100 684 3152; x_wconf 86' lang='lat' dir='ltr'><strong>harum</strong></span> <span class='ocrx_word' id='word_1_209' title='bbox 706 3100 866 3170; x_wconf 88' lang='lat' dir='ltr'><strong>reipublicae</strong></span> <span class='ocrx_word' id='word_1_210' title='bbox 887 3101 1035 3168; x_wconf 85' lang='lat' dir='ltr'><strong>specierum</strong></span> <span class='ocrx_word' id='word_1_211' title='bbox 1055 3119 1069 3154; x_wconf 89' lang='lat' dir='ltr'><strong>e</strong></span> <span class='ocrx_word' id='word_1_212' title='bbox 1090 3100 1197 3155; x_wconf 86' lang='lat' dir='ltr'><strong>familiis</strong></span> <span class='ocrx_word' id='word_1_213' title='bbox 1219 3104 1328 3172; x_wconf 83' lang='lat' dir='ltr'><strong>privatis</strong></span> 
     </span>
    </p>

    <p class='ocr_par' dir='ltr' id='par_1_13' title="bbox 374 3174 703 3254">
     <span class='ocr_line' id='line_1_32' title="bbox 374 3174 703 3254; baseline -0.003 -20"><span class='ocrx_word' id='word_1_214' title='bbox 374 3184 444 3235; x_wconf 89' lang='lat' dir='ltr'><strong>sumi</strong></span> <span class='ocrx_word' id='word_1_215' title='bbox 464 3197 552 3251; x_wconf 91' lang='lat' dir='ltr'><strong>posse.</strong></span> <span class='ocrx_word' id='word_1_216' title='bbox 574 3176 600 3254; x_wconf 84' lang='lat'><strong>§.</strong></span> <span class='ocrx_word' id='word_1_217' title='bbox 622 3174 703 3236; x_wconf 78' lang='grc'>6-8.</span> 
     </span>
    </p>

    <p class='ocr_par' dir='ltr' id='par_1_14' title="bbox 377 3259 1328 3414">
     <span class='ocr_line' id='line_1_33' title="bbox 377 3259 1328 3335; baseline 0.004 -21"><span class='ocrx_word' id='word_1_218' title='bbox 377 3277 400 3314; x_wconf 86' lang='lat' dir='ltr'><strong>o.</strong></span> <span class='ocrx_word' id='word_1_219' title='bbox 439 3262 564 3331; x_wconf 85' lang='lat' dir='ltr'><strong>Regnum</strong></span> <span class='ocrx_word' id='word_1_220' title='bbox 583 3264 698 3330; x_wconf 87' lang='lat' dir='ltr'><strong>patriam</strong></span> <span class='ocrx_word' id='word_1_221' title='bbox 719 3267 881 3330; x_wconf 87' lang='lat' dir='ltr'><strong>potestatem</strong></span> <span class='ocrx_word' id='word_1_222' title='bbox 901 3259 1009 3326; x_wconf 88' lang='lat' dir='ltr'><strong>imitari,</strong></span> <span class='ocrx_word' id='word_1_223' title='bbox 1030 3259 1077 3314; x_wconf 86' lang='lat' dir='ltr'><strong>sed</strong></span> <span class='ocrx_word' id='word_1_224' title='bbox 1098 3263 1218 3330; x_wconf 86' lang='lat' dir='ltr'><strong>possein</strong></span> <span class='ocrx_word' id='word_1_225' title='bbox 1240 3271 1328 3335; x_wconf 88' lang='lat' dir='ltr'><strong>tyran-</strong></span> 
     </span>
     <span class='ocr_line' id='line_1_34' title="bbox 438 3335 728 3414; baseline -0.003 -19"><span class='ocrx_word' id='word_1_226' title='bbox 438 3342 529 3396; x_wconf 89' lang='lat' dir='ltr'><strong>nidem</strong></span> <span class='ocrx_word' id='word_1_227' title='bbox 550 3342 630 3394; x_wconf 88' lang='lat' dir='ltr'><strong>abire.</strong></span> <span class='ocrx_word' id='word_1_228' title='bbox 652 3337 678 3414; x_wconf 54' lang='grc' dir='ltr'><strong>ᾗ.</strong></span> <span class='ocrx_word' id='word_1_229' title='bbox 701 3335 728 3396; x_wconf 87' lang='grc'><strong>6.</strong></span> 
     </span>
    </p>

    <p class='ocr_par' dir='ltr' id='par_1_15' title="bbox 310 3419 1327 3654">
     <span class='ocr_line' id='line_1_35' title="bbox 310 3419 1326 3490; baseline 0.009 -20"><span class='ocrx_word' id='word_1_230' title='bbox 310 3459 316 3470; x_wconf 92' lang='grc'><strong>.</strong></span> <span class='ocrx_word' id='word_1_231' title='bbox 376 3422 400 3478; x_wconf 76' lang='lat' dir='ltr'><strong>b,</strong></span> <span class='ocrx_word' id='word_1_232' title='bbox 436 3423 485 3475; x_wconf 86' lang='lat' dir='ltr'><strong>Jus</strong></span> <span class='ocrx_word' id='word_1_233' title='bbox 513 3421 652 3490; x_wconf 84' lang='lat' dir='ltr'><strong>conjugale</strong></span> <span class='ocrx_word' id='word_1_234' title='bbox 681 3421 715 3474; x_wconf 92' lang='lat' dir='ltr'><strong>ad</strong></span> <span class='ocrx_word' id='word_1_235' title='bbox 742 3419 938 3474; x_wconf 89' lang='lat' dir='ltr'><strong>aristocratiam</strong></span> <span class='ocrx_word' id='word_1_236' title='bbox 965 3419 1084 3490; x_wconf 87' lang='lat' dir='ltr'><strong>proxime</strong></span> <span class='ocrx_word' id='word_1_237' title='bbox 1114 3421 1241 3476; x_wconf 88' lang='lat' dir='ltr'><strong>accedens</strong></span> <span class='ocrx_word' id='word_1_238' title='bbox 1269 3425 1326 3479; x_wconf 89' lang='lat' dir='ltr'><strong>fieri</strong></span> 
     </span>
     <span class='ocr_line' id='line_1_36' title="bbox 439 3500 1327 3571; baseline 0.007 -17"><span class='ocrx_word' id='word_1_239' title='bbox 439 3501 620 3571; x_wconf 83' lang='lat' dir='ltr'><strong>oligarchiam‚</strong></span> <span class='ocrx_word' id='word_1_240' title='bbox 642 3503 738 3554; x_wconf 91' lang='lat' dir='ltr'><strong>marito</strong></span> <span class='ocrx_word' id='word_1_241' title='bbox 760 3501 851 3554; x_wconf 90' lang='lat' dir='ltr'><strong>omnia</strong></span> <span class='ocrx_word' id='word_1_242' title='bbox 870 3507 980 3554; x_wconf 87' lang='lat' dir='ltr'><strong>curante</strong></span> <span class='ocrx_word' id='word_1_243' title='bbox 1001 3508 1048 3553; x_wconf 86' lang='lat' dir='ltr'><strong>aut</strong></span> <span class='ocrx_word' id='word_1_244' title='bbox 1075 3500 1155 3554; x_wconf 86' lang='lat' dir='ltr'><strong>divite</strong></span> <span class='ocrx_word' id='word_1_245' title='bbox 1176 3520 1258 3558; x_wconf 86' lang='lat' dir='ltr'><strong>uxore</strong></span> <span class='ocrx_word' id='word_1_246' title='bbox 1279 3507 1327 3561; x_wconf 90' lang='lat' dir='ltr'><strong>im·</strong></span> 
     </span>
     <span class='ocr_line' id='line_1_37' title="bbox 439 3578 655 3654; baseline 0.009 -18"><span class='ocrx_word' id='word_1_247' title='bbox 439 3591 557 3652; x_wconf 87' lang='lat' dir='ltr'><strong>perante.</strong></span> <span class='ocrx_word' id='word_1_248' title='bbox 579 3578 604 3654; x_wconf 63' lang='grc' dir='ltr'>ᾧ</span> <span class='ocrx_word' id='word_1_249' title='bbox 627 3578 655 3642; x_wconf 87' lang='grc'><strong>7.</strong></span> 
     </span>
    </p>

    <p class='ocr_par' dir='ltr' id='par_1_16' title="bbox 378 3660 1326 3810">
     <span class='ocr_line' id='line_1_38' title="bbox 378 3660 1326 3734; baseline 0.003 -18"><span class='ocrx_word' id='word_1_250' title='bbox 378 3678 396 3716; x_wconf 88' lang='lat' dir='ltr'><strong>t.</strong></span> <span class='ocrx_word' id='word_1_251' title='bbox 435 3663 589 3717; x_wconf 82' lang='lat' dir='ltr'><strong>Fraternarn</strong></span> <span class='ocrx_word' id='word_1_252' title='bbox 611 3664 769 3716; x_wconf 88' lang='lat' dir='ltr'><strong>societatem</strong></span> <span class='ocrx_word' id='word_1_253' title='bbox 789 3661 956 3713; x_wconf 87' lang='lat' dir='ltr'><strong>timocratiae</strong></span> <span class='ocrx_word' id='word_1_254' title='bbox 972 3660 1094 3726; x_wconf 87' lang='lat' dir='ltr'><strong>similem,</strong></span> <span class='ocrx_word' id='word_1_255' title='bbox 1116 3663 1139 3714; x_wconf 85' lang='lat' dir='ltr'><strong>si</strong></span> <span class='ocrx_word' id='word_1_256' title='bbox 1160 3661 1326 3734; x_wconf 89' lang='lat' dir='ltr'><strong>depravetur,</strong></span> 
     </span>
     <span class='ocr_line' id='line_1_39' title="bbox 436 3733 900 3810; baseline -0.004 -15"><span class='ocrx_word' id='word_1_257' title='bbox 436 3744 464 3795; x_wconf 93' lang='lat' dir='ltr'><strong>in</strong></span> <span class='ocrx_word' id='word_1_258' title='bbox 485 3743 675 3798; x_wconf 86' lang='lat' dir='ltr'><strong>democratiam</strong></span> <span class='ocrx_word' id='word_1_259' title='bbox 696 3742 801 3795; x_wconf 90' lang='lat' dir='ltr'><strong>mutari.</strong></span> <span class='ocrx_word' id='word_1_260' title='bbox 824 3733 851 3810; x_wconf 58' lang='grc' dir='ltr'><strong>ᾧ.</strong></span> <span class='ocrx_word' id='word_1_261' title='bbox 872 3733 900 3795; x_wconf 88' lang='grc'><strong>8.</strong></span> 
     </span>
    </p>

    <p class='ocr_par' dir='ltr' id='par_1_17' title="bbox 268 3822 1319 3972">
     <span class='ocr_line' id='line_1_40' title="bbox 268 3822 1319 3892; baseline 0.003 -16"><span class='ocrx_word' id='word_1_262' title='bbox 268 3849 287 3882; x_wconf 68' lang='grc' dir='ltr'><strong>ι.</strong></span> <span class='ocrx_word' id='word_1_263' title='bbox 316 3822 429 3892; x_wconf 91' lang='lat' dir='ltr'><strong>Caput</strong></span> <span class='ocrx_word' id='word_1_264' title='bbox 453 3823 689 3876; x_wconf 88' lang='lat' dir='ltr'><strong>undecimum:</strong></span> <span class='ocrx_word' id='word_1_265' title='bbox 711 3823 752 3875; x_wconf 90' lang='lat' dir='ltr'><strong>De</strong></span> <span class='ocrx_word' id='word_1_266' title='bbox 781 3822 920 3884; x_wconf 88' lang='lat' dir='ltr'><strong>amicitiis,</strong></span> <span class='ocrx_word' id='word_1_267' title='bbox 947 3837 1015 3890; x_wconf 90' lang='lat' dir='ltr'><strong>quac</strong></span> <span class='ocrx_word' id='word_1_268' title='bbox 1043 3829 1147 3876; x_wconf 83' lang='lat' dir='ltr'><strong>exstant</strong></span> <span class='ocrx_word' id='word_1_269' title='bbox 1173 3823 1200 3877; x_wconf 92' lang='lat' dir='ltr'><strong>in</strong></span> <span class='ocrx_word' id='word_1_270' title='bbox 1221 3824 1263 3878; x_wconf 87' lang='lat' dir='ltr'><strong>bis</strong></span> <span class='ocrx_word' id='word_1_271' title='bbox 1285 3825 1319 3879; x_wconf 50' lang='lat' dir='ltr'><strong>dia</strong></span> 
     </span>
     <span class='ocr_line' id='line_1_41' title="bbox 318 3901 1026 3972; baseline 0 -16"><span class='ocrx_word' id='word_1_272' title='bbox 318 3904 401 3957; x_wconf 81' lang='lat' dir='ltr'><strong>versis</strong></span> <span class='ocrx_word' id='word_1_273' title='bbox 422 3903 597 3958; x_wconf 88' lang='lat' dir='ltr'><strong>societatibus</strong></span> <span class='ocrx_word' id='word_1_274' title='bbox 619 3903 673 3956; x_wconf 87' lang='lat' dir='ltr'><strong>sire</strong></span> <span class='ocrx_word' id='word_1_275' title='bbox 694 3901 809 3972; x_wconf 89' lang='lat' dir='ltr'><strong>publicis</strong></span> <span class='ocrx_word' id='word_1_276' title='bbox 831 3903 885 3954; x_wconf 86' lang='lat' dir='ltr'><strong>sire</strong></span> <span class='ocrx_word' id='word_1_277' title='bbox 907 3901 1026 3969; x_wconf 88' lang='lat' dir='ltr'><strong>privatis.</strong></span> 
     </span>
    </p>

    <p class='ocr_par' dir='ltr' id='par_1_18' title="bbox 307 3977 1199 4055">
     <span class='ocr_line' id='line_1_42' title="bbox 307 3977 1199 4055; baseline 0.001 -19"><span class='ocrx_word' id='word_1_278' title='bbox 307 4009 354 4042; x_wconf 68' lang='lat' dir='ltr'><strong>aa.</strong></span> <span class='ocrx_word' id='word_1_279' title='bbox 375 3985 416 4036; x_wconf 87' lang='lat' dir='ltr'><strong>De</strong></span> <span class='ocrx_word' id='word_1_280' title='bbox 437 3983 553 4037; x_wconf 89' lang='lat' dir='ltr'><strong>amicitia</strong></span> <span class='ocrx_word' id='word_1_281' title='bbox 573 3983 601 4038; x_wconf 92' lang='lat' dir='ltr'><strong>in</strong></span> <span class='ocrx_word' id='word_1_282' title='bbox 622 3981 797 4037; x_wconf 86' lang='lat' dir='ltr'><strong>societatibus</strong></span> <span class='ocrx_word' id='word_1_283' title='bbox 818 3982 897 4035; x_wconf 91' lang='lat' dir='ltr'><strong>rectis</strong></span> <span class='ocrx_word' id='word_1_284' title='bbox 918 3988 1047 4035; x_wconf 87' lang='lat' dir='ltr'><strong>exstante.</strong></span> <span class='ocrx_word' id='word_1_285' title='bbox 1070 3978 1094 4055; x_wconf 57' lang='grc' dir='ltr'><strong>β.</strong></span> <span class='ocrx_word' id='word_1_286' title='bbox 1120 3977 1199 4040; x_wconf 85' lang='grc'><strong>1-5.</strong></span> 
     </span>
    </p>

    <p class='ocr_par' dir='ltr' id='par_1_19' title="bbox 305 4056 1324 4454">
     <span class='ocr_line' id='line_1_43' title="bbox 349 4056 1162 4134; baseline 0.002 -18"><span class='ocrx_word' id='word_1_287' title='bbox 349 4079 372 4116; x_wconf 85' lang='lat' dir='ltr'><strong>a.</strong></span> <span class='ocrx_word' id='word_1_288' title='bbox 393 4065 433 4116; x_wconf 89' lang='lat' dir='ltr'><strong>De</strong></span> <span class='ocrx_word' id='word_1_289' title='bbox 455 4063 571 4116; x_wconf 90' lang='lat' dir='ltr'><strong>amicitia</strong></span> <span class='ocrx_word' id='word_1_290' title='bbox 591 4064 665 4134; x_wconf 88' lang='lat' dir='ltr'><strong>regni</strong></span> <span class='ocrx_word' id='word_1_291' title='bbox 687 4071 714 4116; x_wconf 92' lang='lat' dir='ltr'><strong>et</strong></span> <span class='ocrx_word' id='word_1_292' title='bbox 734 4061 835 4132; x_wconf 87' lang='lat' dir='ltr'><strong>patriae</strong></span> <span class='ocrx_word' id='word_1_293' title='bbox 856 4063 1009 4130; x_wconf 78' lang='lat' dir='ltr'><strong>potestatis,</strong></span> <span class='ocrx_word' id='word_1_294' title='bbox 1032 4056 1058 4131; x_wconf 62' lang='lat' dir='ltr'><strong>p.</strong></span> <span class='ocrx_word' id='word_1_295' title='bbox 1084 4057 1162 4118; x_wconf 89' lang='lat' dir='ltr'><strong>I-3.</strong></span> 
     </span>
     <span class='ocr_line' id='line_1_44' title="bbox 348 4137 1177 4212; baseline 0.002 -16"><span class='ocrx_word' id='word_1_296' title='bbox 348 4143 371 4197; x_wconf 77' lang='lat' dir='ltr'><strong>it.</strong></span> <span class='ocrx_word' id='word_1_297' title='bbox 392 4144 433 4196; x_wconf 91' lang='lat' dir='ltr'><strong>De</strong></span> <span class='ocrx_word' id='word_1_298' title='bbox 454 4143 570 4196; x_wconf 90' lang='lat' dir='ltr'><strong>amicitia</strong></span> <span class='ocrx_word' id='word_1_299' title='bbox 590 4143 771 4198; x_wconf 85' lang='lat' dir='ltr'><strong>aristocratiae</strong></span> <span class='ocrx_word' id='word_1_300' title='bbox 792 4148 818 4194; x_wconf 88' lang='lat' dir='ltr'><strong>et</strong></span> <span class='ocrx_word' id='word_1_301' title='bbox 836 4140 903 4209; x_wconf 88' lang='lat' dir='ltr'><strong>juris</strong></span> <span class='ocrx_word' id='word_1_302' title='bbox 925 4141 1080 4210; x_wconf 83' lang='lat' dir='ltr'><strong>conjugalis.</strong></span> <span class='ocrx_word' id='word_1_303' title='bbox 1104 4137 1129 4212; x_wconf 59' lang='grc' dir='ltr'><strong>ᾗ.</strong></span> <span class='ocrx_word' id='word_1_304' title='bbox 1150 4141 1177 4198; x_wconf 82' lang='grc'><strong>4.</strong></span> 
     </span>
     <span class='ocr_line' id='line_1_45' title="bbox 348 4215 1050 4292; baseline -0.001 -16"><span class='ocrx_word' id='word_1_305' title='bbox 348 4239 367 4277; x_wconf 80' lang='lat' dir='ltr'><strong>a.</strong></span> <span class='ocrx_word' id='word_1_306' title='bbox 395 4223 436 4276; x_wconf 87' lang='lat' dir='ltr'><strong>Dc</strong></span> <span class='ocrx_word' id='word_1_307' title='bbox 458 4223 574 4276; x_wconf 89' lang='lat' dir='ltr'><strong>amicitia</strong></span> <span class='ocrx_word' id='word_1_308' title='bbox 595 4221 759 4278; x_wconf 85' lang='lat' dir='ltr'><strong>timocratiae</strong></span> <span class='ocrx_word' id='word_1_309' title='bbox 781 4228 808 4274; x_wconf 91' lang='lat' dir='ltr'><strong>et</strong></span> <span class='ocrx_word' id='word_1_310' title='bbox 829 4221 948 4276; x_wconf 82' lang='lat' dir='ltr'><strong>fratrum.</strong></span> <span class='ocrx_word' id='word_1_311' title='bbox 972 4215 997 4292; x_wconf 61' lang='grc' dir='ltr'><strong>ᾖ.</strong></span> <span class='ocrx_word' id='word_1_312' title='bbox 1024 4215 1050 4275; x_wconf 91' lang='lat'><strong>5.</strong></span> 
     </span>
     <span class='ocr_line' id='line_1_46' title="bbox 305 4296 1301 4396; baseline 0.003 -42"><span class='ocrx_word' id='word_1_313' title='bbox 305 4315 352 4374; x_wconf 72' lang='lat' dir='ltr'><strong>pp.</strong></span> <span class='ocrx_word' id='word_1_314' title='bbox 374 4304 415 4355; x_wconf 89' lang='lat' dir='ltr'><strong>De</strong></span> <span class='ocrx_word' id='word_1_315' title='bbox 436 4303 554 4358; x_wconf 88' lang='lat' dir='ltr'><strong>amicitia</strong></span> <span class='ocrx_word' id='word_1_316' title='bbox 573 4306 601 4358; x_wconf 89' lang='lat' dir='ltr'><strong>in</strong></span> <span class='ocrx_word' id='word_1_317' title='bbox 622 4303 752 4374; x_wconf 85' lang='lat' dir='ltr'><strong>perversis</strong></span> <span class='ocrx_word' id='word_1_318' title='bbox 773 4302 947 4356; x_wconf 89' lang='lat' dir='ltr'><strong>societatibus</strong></span> <span class='ocrx_word' id='word_1_319' title='bbox 969 4309 1097 4356; x_wconf 88' lang='lat' dir='ltr'><strong>exstante.</strong></span> <span class='ocrx_word' id='word_1_320' title='bbox 1122 4296 1147 4373; x_wconf 56' lang='grc' dir='ltr'><strong>β.</strong></span> <span class='ocrx_word' id='word_1_321' title='bbox 1169 4299 1251 4362; x_wconf 82' lang='grc'><strong>6-9,</strong></span> <span class='ocrx_word' id='word_1_322' title='bbox 1285 4359 1301 4396; x_wconf 78' lang='lat' dir='ltr'><em>t</em></span> 
     </span>
     <span class='ocr_line' id='line_1_47' title="bbox 350 4383 1324 4454; baseline 0.003 -17"><span class='ocrx_word' id='word_1_323' title='bbox 350 4399 372 4437; x_wconf 85' lang='lat' dir='ltr'><strong>a.</strong></span> <span class='ocrx_word' id='word_1_324' title='bbox 394 4383 424 4436; x_wconf 86' lang='lat' dir='ltr'><strong>ln</strong></span> <span class='ocrx_word' id='word_1_325' title='bbox 446 4384 586 4454; x_wconf 89' lang='lat' dir='ltr'><strong>tyrannide</strong></span> <span class='ocrx_word' id='word_1_326' title='bbox 607 4395 634 4440; x_wconf 89' lang='lat' dir='ltr'><strong>ct</strong></span> <span class='ocrx_word' id='word_1_327' title='bbox 655 4383 758 4440; x_wconf 90' lang='lat' dir='ltr'><strong>domini</strong></span> <span class='ocrx_word' id='word_1_328' title='bbox 779 4401 840 4438; x_wconf 86' lang='lat' dir='ltr'><strong>cum</strong></span> <span class='ocrx_word' id='word_1_329' title='bbox 861 4401 937 4438; x_wconf 85' lang='lat' dir='ltr'><strong>servo</strong></span> <span class='ocrx_word' id='word_1_330' title='bbox 951 4383 1086 4438; x_wconf 89' lang='lat' dir='ltr'><strong>minimam</strong></span> <span class='ocrx_word' id='word_1_331' title='bbox 1099 4401 1157 4436; x_wconf 88' lang='lat' dir='ltr'><strong>esse</strong></span> <span class='ocrx_word' id='word_1_332' title='bbox 1173 4385 1324 4440; x_wconf 84' lang='lat' dir='ltr'><strong>amicitiam.</strong></span> 
     </span>
    </p>
   </div>
   <div class='ocr_carea' id='block_1_3' title="bbox 394 4457 526 4535">
    <p class='ocr_par' dir='ltr' id='par_1_20' title="bbox 394 4457 526 4535">
     <span class='ocr_line' id='line_1_48' title="bbox 394 4457 526 4535; baseline 0.015 -17"><span class='ocrx_word' id='word_1_333' title='bbox 394 4459 420 4535; x_wconf 69' lang='lat' dir='ltr'><strong>e.</strong></span> <span class='ocrx_word' id='word_1_334' title='bbox 441 4457 526 4521; x_wconf 78' lang='lat' dir='ltr'><strong>e-a.</strong></span> 
     </span>
    </p>
   </div>
   <div class='ocr_carea' id='block_1_4' title="bbox 0 0 1536 5036">
    <p class='ocr_par' dir='ltr' id='par_1_21' title="bbox 0 0 1536 5036">
     <span class='ocr_line' id='line_1_49' title="bbox 0 0 1536 5036; baseline 0 3"><span class='ocrx_word' id='word_1_335' title='bbox 0 0 1536 5036; x_wconf 95' lang='lat' dir='ltr'><strong> </strong></span> 
     </span>
    </p>
   </div>
  </div>
 </body>
</html>
