3064 5036
563 329 688 384 editionis
708 329 813 400 prioris.
1216 327 1283 382 lllll

131 541 162 596 et
189 527 458 597 accuratissimum
492 528 617 614 linguae
651 527 792 594 studium
826 525 1047 612 philosophiae
1065 525 1282 608 ,serviendum

130 653 313 738 putaverim.
364 651 572 738 Philologiarn
605 659 712 716 autem
749 650 822 716 ideo
853 647 1065 714 adhibendam
1095 648 1220 729 censui,
1251 659 1284 714 et

130 775 279 841 latissime
302 797 430 840 manare
453 796 567 859 passus
592 797 675 854 sum,
699 796 739 838 ne
762 774 816 858 qui
837 773 914 838 mihi
936 772 1126 856 exprobrare
1146 773 1282 856 possint,

128 899 251 984 linguae
275 899 418 964 Graecae
441 897 618 983 ignorantia
640 919 771 964 sensum
798 897 979 982 philosophi
1007 917 1099 990 ame
1121 895 1283 960 turbatum

129 1021 239 1098 luisse,
271 1043 345 1087 oum
370 1030 479 1086 tamen
508 1020 579 1086 illos
608 1021 715 1106 ipsos,
749 1041 846 1086 sensu
868 1019 1050 1105 philosophi
1071 1019 1284 1102 grammaticis

128 1145 302 1209 rationibus
326 1143 523 1229 posthabito,
546 1167 587 1208 ne
608 1143 849 1230 grammaticum
872 1144 998 1228 quidem
1023 1164 1151 1208 sensum
1175 1143 1284 1207 multis

128 1269 202 1334 locis
230 1267 427 1333 intellexisse
457 1277 626 1352 appareat3
655 1268 735 1332 alter
762 1267 847 1332 enim
878 1265 918 1333 ab
947 1265 1046 1330 altero
1074 1266 1196 1350 sejungi
1219 1287 1284 1330 non

91 1373 93 1380 ,
127 1403 243 1476 potest.
298 1393 368 1457 Nec
396 1411 472 1457 vero
501 1390 669 1477 philologis
704 1389 849 1456 sufficere
878 1389 975 1454 debet
1009 1391 1048 1454 ad
1078 1388 1284 1454 Aristotelem

127 1514 400 1599 interpretandum
422 1512 657 1598 philosophiam
681 1512 872 1598 primoribus
888 1511 983 1577 labris
1007 1513 1203 1598 degustasse,
1227 1513 1284 1576 sed

126 1637 319 1722 philosopho
342 1657 424 1720 opus
448 1647 509 1714 est,
532 1637 585 1724 qui
611 1636 802 1722 philologiae
821 1657 949 1722 quoque
970 1657 1028 1720 per
1055 1643 1155 1700 totam
1187 1634 1284 1700 vitam

127 1761 314 1838 incubuerit,
339 1759 404 1824 sive
426 1759 551 1844 privato
575 1761 712 1846 quodam
735 1759 840 1824 studio
864 1761 930 1824 sive
952 1759 1078 1844 publico
1109 1761 1189 1822 adeo
1213 1759 1282 1822 offi-

127 1883 184 1960 cio,
208 1906 280 1963 scu,
304 1884 391 1968 quod
414 1881 492 1946 mihi
514 1884 632 1962 evenit,
655 1893 791 1970 utroque
813 1883 953 1948 adactus.

211 2007 316 2092 Hujus
340 2005 583 2092 conjunctionis
609 2028 671 2092 qua
693 2007 821 2072 demum
844 2028 937 2072 verus
961 2005 1140 2070 Aristotelis
1171 2025 1284 2100 sensus

127 2130 289 2216 explanari
312 2129 441 2214 poterit,
465 2130 645 2215 exemplum
668 2129 805 2213 prodere
826 2127 921 2194 volui.
976 2127 1056 2192 lllud
1083 2127 1204 2192 utinam
1233 2149 1284 2192 se-

128 2263 264 2338 quantur
287 2252 353 2318 alii!
376 2253 462 2317 Nam
484 2261 611 2338 praeter
633 2252 878 2317 commentarios
901 2251 933 2315 in
957 2251 1099 2315 Platonis
1121 2251 1286 2315 Parmeni-

14 2381 16 2396 '
127 2377 197 2440 dem
220 2377 276 2456 (in
306 2376 502 2461 praefatione
531 2375 645 2458 prioris
674 2375 842 2439 voluminis
868 2396 901 2458 p.
924 2373 969 2438 Xl
995 2373 1068 2437 idco
1099 2372 1286 2455 promissos,

127 2511 160 2564 ut
181 2510 215 2565 ct
242 2500 375 2565 alterum
398 2498 595 2564 Graecorum
619 2520 776 2563 summum
799 2499 896 2563 decus
919 2519 937 2560 a
967 2517 1019 2560 me
1041 2495 1229 2574 illustretur)
1254 2505 1287 2561 et

127 2621 369 2688 translationem
400 2621 623 2687 Germanicam
653 2630 834 2684 nostrorum
862 2619 1049 2684 Ethicorum
1077 2625 1131 2695 (eo
1153 2614 1285 2684 consilio

128 2745 408 2824 conscribendam,
437 2753 474 2810 ut
501 2744 653 2830 probem,
683 2742 798 2808 librum
827 2765 915 2823 esse,
945 2742 1000 2828 qui
1019 2764 1084 2806 non
1108 2747 1285 2808 transactae

129 2870 241 2934 solum
256 2869 428 2934 memoriae
450 2851 584 2954 vestigia
599 2865 772 2948 contineat,
795 2867 852 2932 sed
874 2889 913 2932 ex
929 2888 992 2952 quo
1009 2876 1170 2931 nostrates
1189 2868 1284 2932 etiam

128 2992 363 3058 hominesbene
370 2991 485 3076 agendi
496 2989 746 3076 praeclarissima
760 3001 930 3076 praecepta
942 2989 1069 3074 possint
1084 2990 1286 3068 haurire),ni-

128 3115 213 3180 hilin
239 3114 410 3200 praesenti,
434 3114 518 3199 quod
534 3115 574 3178 ad
592 3115 654 3180 hoe
664 3114 824 3178 literarum
846 3135 946 3198 genus
969 3113 1117 3198 pertinet,
1142 3113 1285 3196 publicae

129 3238 187 3303 luci
210 3259 373 3324 exponere
394 3236 428 3302 in
451 3236 558 3302 animo
580 3236 658 3301 mihi
682 3246 742 3303 est.
787 3235 846 3301 His
869 3244 977 3301 tamen
998 3236 1077 3322 ipsis
1101 3235 1167 3300 otio
1190 3255 1285 3320 sepo·

129 3361 206 3440 sitis,
233 3383 328 3446 quam
361 3359 523 3438 celerrime
550 3371 674 3445 potero,
703 3381 756 3425 me
784 3361 824 3426 ad
853 3360 1011 3425 edendum
1038 3359 1167 3424 tertium
1195 3358 1287 3422 volu-

130 3506 200 3548 mcn
222 3483 467 3568 Hegelianamm
490 3483 529 3549 de
552 3483 684 3548 historia
707 3482 927 3567 philosophiae
956 3483 1204 3568 praelectionum
1220 3481 1288 3566 jam

130 3615 332 3690 convertam,
362 3629 441 3691 quas
477 3615 627 3692 sequetur
663 3604 760 3670 editio
798 3604 1045 3690 praelectionum
1082 3607 1122 3669 de
1155 3603 1288 3669 historia

130 3728 349 3813 philosophiae
378 3728 615 3794 recentissimae
643 3729 727 3814 apud
758 3727 938 3793 Germanos
968 3751 987 3792 a
1016 3749 1068 3792 me
1097 3729 1168 3813 ipso
1195 3726 1288 3792 habi-

131 3861 243 3916 tamm.

217 3975 332 4039 Finem
359 3973 549 4058 praefationi
576 3973 781 4060 impositums
806 3975 909 4039 facere
936 3994 1003 4038 non
1032 3995 1183 4059 possum,
1213 3971 1288 4057 quin

132 4096 196 4160 viro
227 4095 414 4162 doctissimo
442 4097 479 4161 F.
512 4097 554 4162 G.
583 4098 665 4181 Aug.
696 4095 867 4162 Mullachio
895 4095 1122 4181 Philosophiae
1143 4094 1289 4172 Doctori,

134 4241 268 4304 quocum
296 4219 440 4304 plagulas
468 4219 508 4284 ab
538 4241 706 4305 operarum
739 4241 835 4284 manu
869 4229 1013 4286 recentes
1050 4217 1288 4295 communicavi,

134 4344 246 4424 gratias
270 4363 360 4426 agam
383 4365 477 4430 quam
500 4342 662 4408 maximas.
707 4342 754 4408 lta
781 4341 865 4408 enirn
899 4342 1136 4428 typothetarum
1165 4359 1288 4404 errores
