3064 5036
529 335 603 390 rrae
623 337 644 389 1.
684 335 750 407 cap.
772 335 796 388 v
818 335 885 404 (un.
1235 333 1284 406 25

123 563 171 618 tas
203 552 436 638 cognoscendi,
466 561 503 616 ut
531 551 621 616 initio
650 552 942 636 Metaphysicorum
971 553 1047 618 dicit
1076 553 1282 620 Aristoteles:

123 660 226 744 πάντες
251 649 402 747 ἅνθρωποι
423 661 476 727 τοῦ
497 661 596 728 εἰδέναι
619 657 762 747 ὀρέγονται
785 657 882 744 φύσει.

214 778 244 860 §-
272 777 301 844 1.
341 769 390 840 οὐκ
413 767 533 860 ἀλόγως)
557 775 616 840 Ηίο
639 776 768 842 demum
791 777 974 860 praemissis
997 777 1144 862 explicari
1165 782 1285 864 poterit

13 911 16 922 ·
121 891 202 954 haec
225 889 452 973 paragraphus,
474 888 507 952 in
529 905 606 973 qua,
629 889 813 974 priusquam
837 889 877 954 ad
898 887 1092 954 variasillas
1116 890 1282 974 opiniones

121 1001 309 1068 refutandas
333 1022 368 1064 se
392 999 553 1084 accingat,
578 1001 691 1081 docet,
714 1023 769 1066 cur
792 1000 856 1066 sint
876 1009 929 1066 tot
950 1001 1053 1066 variae
1076 1001 1115 1066 de
1136 1000 1284 1066 felicitate

122 1113 303 1199 opiniones.
349 1115 475 1196 Nempe
505 1133 596 1176 unus·
612 1114 729 1178 alterve
758 1111 896 1177 hominis
925 1114 1101 1198 appetitus,
1131 1113 1284 1178 aceteris

121 1234 308 1310 segregatus
331 1233 365 1290 et
388 1233 423 1288 ut
443 1224 515 1288 finis
531 1225 630 1291 totius
645 1225 728 1290 vitae
751 1225 946 1310 propositus,
969 1226 1067 1292 efficit
1084 1247 1184 1311 genus
1200 1225 1284 1290 vitae

121 1334 204 1420 (βίος)
237 1337 368 1422 alicujus
391 1337 541 1402 hominis.
579 1337 689 1424 ltaque
711 1338 854 1404 diversae
877 1338 917 1402 de
940 1337 1135 1404 beatitudine
1158 1337 1284 1423 opinio-

120 1471 179 1514 nes
211 1458 300 1515 reete
328 1471 368 1514 ex
389 1449 473 1514 vitae
494 1449 648 1518 institutis
672 1461 705 1515 et
726 1450 894 1535 generibus
916 1451 1109 1536 repetendae
1132 1460 1223 1514 sunt:
1249 1459 1285 1514 et

121 1561 270 1647 quamvis
291 1561 439 1626 fallantur
462 1561 648 1644 opinionum
671 1563 794 1628 illarum
817 1573 963 1628 auctores
986 1563 1018 1626 in
1040 1561 1156 1628 finibus
1180 1561 1283 1626 bono-

119 1698 191 1738 rum
216 1673 334 1738 arctius
358 1672 669 1754 circumscribendis,
699 1675 731 1740 id
760 1685 846 1740 certe
876 1675 1038 1753 viderunt,
1066 1675 1163 1740 finem
1184 1675 1283 1752 illum,

120 1785 266 1872 quisquis
289 1794 357 1863 est,
387 1785 427 1850 ad
456 1795 561 1850 totum
590 1787 674 1851 vitae
701 1810 801 1872 genus
831 1787 959 1852 extendi
988 1787 1120 1868 debere3
1151 1787 1283 1853 felicitas

119 1899 226 1976 enim,
260 1906 298 1962 ut
326 1897 406 1962 infra
435 1897 615 1984 apparebit,
649 1908 754 1964 totum
784 1899 868 1966 vitae
899 1922 1026 1966 cursum
1053 1900 1283 1984 complectitur.

121 2013 208 2077 Cum
225 2019 333 2074 autem
350 2009 414 2074 sint
428 2019 493 2074 tres
515 2011 676 2094 praecipui
697 2011 834 2076 hominis
851 2012 1021 2096 appetitus,
1045 2021 1173 2080 exstant
1186 2012 1283 2076 etiam

120 2125 183 2188 tria
198 2124 285 2188 vitae
303 2143 436 2206 generas
460 2144 500 2186 ex
515 2123 564 2188 sui
579 2123 788 2188 conservandi
809 2124 953 2208 appetitu
975 2120 1035 2204 βίος
1058 2117 1283 2203 ἀπολαυστικός,

120 2258 161 2300 ex
182 2235 317 2300 honoris
340 2245 373 2300 et
386 2234 510 2319 -agendi
532 2234 680 2320 cupidine
701 2233 761 2314 βίος
783 2231 928 2315 πολιτικός
955 2237 1022 2310 sive
1043 2232 1215 2319 πρακτικός,
1245 2260 1284 2304 ex

122 2347 339 2432 cognoscendi
369 2349 512 2432 appetitu
541 2344 602 2425 βίος
620 2340 797 2433 θεωρητικός
821 2349 886 2412 sive
910 2342 1073 2430 φιλόσοφος
1096 2351 1211 2430 oritur3
1243 2352 1282 2414 cf.

122 2461 200 2524 Eth.
217 2460 354 2524 Eadem.
377 2459 449 2538 1,l.
484 2460 553 2524 Hac
575 2467 681 2524 autem
706 2461 745 2524 de
768 2481 802 2524 re
818 2463 941 2539 Nostro
962 2482 1028 2524 non
1039 2461 1131 2526 Plato
1155 2455 1283 2546 demum

122 2571 275 2656 praeivit,
303 2581 340 2636 ut
363 2571 463 2637 Zellio
485 2571 632 2650 videtin,
654 2571 711 2636 sed
728 2572 797 2656 jam
818 2571 1033 2656 Pythagoras,
1064 2595 1158 2656 quem
1178 2573 1289 2657 lepide·

124 2684 185 2748 tria
207 2684 261 2748 illa
281 2683 365 2750 vitae
394 2705 511 2768 genera
532 2707 605 2750 cum
637 2683 737 2748 tribus
765 2665 940 2748 hominum*
958 2683 1145 2768 generibus,
1170 2685 1222 2770 qui
1250 2685 1283 2748 in

124 2796 206 2860 ludis
232 2795 409 2881 Olympicis
431 2805 614 2874 versantur,
642 2795 875 2882 comparavisse
881 2843 892 2875 ,
920 2796 1072 2862 Ponticus
1098 2798 1284 2864 Heraclides

124 2908 254 2992 scripsit
285 2908 400 2990 (Cicer.
429 2909 527 2975 Tusc.
558 2909 692 2975 Quaest.
716 2909 761 2986 V,
785 2907 828 2990 3).
875 2909 967 2974 Plato
997 2909 1031 2972 in
1060 2911 1197 2996 Republ.
1229 2911 1283 2989 lX,

124 3045 156 3107 p·
179 3019 241 3090 581
253 3065 265 3099 ,
295 3021 346 3086 ed.
370 3021 481 3105 Steph.
516 3021 558 3104 (p.
582 3019 763 3098 443-444,
794 3020 843 3084 ed.
867 3021 981 3104 Bekka)
1013 3022 1178 3112 constituit
1205 3023 1283 3088 item

124 3135 184 3202 tria
206 3133 374 3200 hominum
391 3154 523 3218 genera:
548 3125 770 3218 φιλοχρήματον
791 3125 840 3196 καὶ
862 3131 1037 3215 φιλοκερδὲς,
1060 3128 1214 3214 φιλόνεικον
1235 3129 1285 3199 aui

125 3241 294 3332 φιλότιμον,
324 3243 488 3331 φιλομαθὲς
509 3239 559 3310 acl
581 3236 760 3326 φιλόσοφον,
790 3265 924 3331 quorum
948 3245 1070 3331 singula
1098 3247 1130 3310 in
1155 3246 1284 3331 singulis

124 3359 222 3425 animi
243 3356 387 3443 partibus
410 3358 560 3424 collocat:
595 3354 753 3444 ἐπιθυμίᾳ,
782 3356 886 3444 θυμῷ,
916 3356 962 3442 rui.
1007 3357 1079 3438 Νοῦς
1110 3361 1285 3425 secundum

123 3473 293 3538 Platonem
324 3471 365 3535 ad
390 3463 505 3554 λογικὸν
530 3467 582 3554 τῆς
604 3467 719 3554 ψυχῆς,
757 3468 899 3555 ἐπιθυμία
928 3479 962 3536 et
990 3465 1083 3557 θυμός
1112 3472 1152 3535 ad
1183 3455 1285 3555 ἄλογον

123 3575 303 3668 pertinent,
331 3582 376 3648 ita
398 3591 507 3648 tamen
530 3592 567 3646 ut
587 3575 682 3668 θυμός
704 3581 819 3647 rationi
850 3581 999 3646 auxilium
1021 3583 1116 3660 ferat,
1148 3591 1181 3646 et
1204 3605 1286 3672 quo-

123 3696 298 3762 dammodo
326 3693 457 3760 rationis
486 3693 527 3758 sit
561 3693 718 3778 particeps
754 3695 805 3777 (cf.
835 3694 905 3758 infr.
935 3716 963 3758 c.
994 3693 1053 3772 13,
1084 3694 1113 3777 §-
1144 3692 1286 3778 15-19),

123 3805 268 3894 ἐπιθυμία
295 3827 372 3872 vero
402 3829 475 3872 cum
498 3806 622 3872 ratione
650 3816 781 3890 pugnet.
826 3808 993 3884 Donatus,
1015 3805 1212 3872 Eustrat'rum
1235 3829 1286 3874 se-

123 3933 236 3986 cutus:
261 3919 391 3998 „Prima
405 3899 499 4002 igitir
512 3917 579 3984 vita
594 3928 645 3984 est
658 3917 942 4002 imperfectissima,
960 3940 1032 3984 oum
1048 3919 1081 3984 in
1096 3941 1135 3986 ea
1150 3901 1287 3986 manime
1334 3903 1338 3912 ’
1378 3947 1383 3952 ’

124 4033 309 4098 dominetur
332 4031 501 4116 appetitus.
545 4031 581 4096 lu
604 4030 745 4096 secunda
767 4030 805 4094 fit
827 4030 950 4095 sedatio
974 4041 1008 4096 et
1031 4031 1187 4116 mitigatio
1214 4054 1286 4116 per-

124 4145 356 4222 turbationum,
380 4153 476 4228 stque
497 4142 530 4208 in
553 4165 592 4208 ea
613 4143 694 4208 ratio
717 4143 899 4206 dominatur
922 4143 1091 4227 appetitui:
1112 4167 1178 4211 non
1202 4146 1287 4229 quod

124 4257 260 4322 omnino
279 4249 425 4334 suffocet,
450 4256 507 4322 sed
523 4231 798 4339 obtemperantem
814 4255 889 4320 facit
903 4255 1029 4320 rationi.
1064 4255 1099 4320 ln
1114 4258 1208 4322 tertia
1222 4257 1287 4322 vita

124 4371 173 4436 fit·
187 4369 331 4436 vacuitas
358 4367 649 4450 perturbationum,
684 4377 718 4432 et
747 4364 925 4458 appetitus,
956 4368 1078 4434 scilicet
1105 4369 1286 4446 sensitivus,

91 4460 94 4464 ’
125 4483 212 4548 nuno
244 4481 347 4570 mono
375 4480 498 4564 operari
526 4479 687 4546 vireta«
731 4479 831 4550 nuru
851 4479 1033 4546 samaeus
1056 4481 1096 4545 de
1119 4479 1171 4546 ina
1193 4479 1286 4546 ania
