3064 5036
503 350 668 423 conpectu·
686 351 749 408 ιιιιι
768 353 802 409 ιι.
1038 313 1044 318 ’
1146 357 1222 412 xxv

172 563 197 624 p.
215 551 257 606 to
278 550 438 622 gignendam
458 551 584 609 virtutem
603 555 724 610 dolorem
746 563 773 609 et
792 558 957 627 voluptatem
970 556 1078 613 maximi
1091 561 1222 646 momenti

219 651 285 687 esse.
307 634 332 696 S.
357 625 420 696 1,1.
442 627 529 688 4-9.

172 737 199 784 p.
219 714 259 768 Ile
280 715 416 784 voluptate
436 732 561 783 maguam
582 733 640 769 esse
662 717 878 783 controversiam,
903 717 940 772 ita
961 725 990 772 ut
1011 719 1065 772 veri
1087 737 1221 774 sermones

218 812 272 848 non
294 795 381 847 solum
401 794 435 846 ad
456 795 646 864 cognitionem,
667 800 857 851 verumetiam
879 798 913 851 ad
934 799 1015 853 vitam
1036 800 1103 853 bene
1124 801 1175 853 deo
1159 820 1222 871 g-en

220 875 281 928 dam
302 873 356 926 sint
375 877 510 963 perutiles.
535 878 561 939 S
582 870 670 932 2—5.

144 957 165 1010 b.
185 955 311 1010 Veterum
322 953 462 1025 opiniones
474 955 505 1008 de
519 958 654 1026 voluptate
665 965 853 1011 enumerentur
866 966 892 1014 et
905 960 1095 1013 examinantur.
1104 978 1125 1016 o.
1135 954 1222 1017 2-3.

170 1063 196 1096 a.
217 1036 336 1105 Caput
350 1035 554 1090 seeundum:
566 1038 705 1090 Sententia
716 1038 821 1092 Eudoxi
835 1038 867 1092 de
882 1042 1017 1111 voluptate
1031 1041 1223 1098 consideratur.

208 1141 255 1176 aa.
276 1115 439 1186 Proponitur
459 1116 564 1170 Eudoxi
585 1117 686 1188 opinio,
708 1121 873 1189 uoluptatem
894 1139 951 1173 esse
966 1139 1099 1176 summum
1113 1121 1223 1190 bonum,

279 1213 358 1266 quarn
379 1205 494 1267 quatuor
514 1198 618 1252 firmare
639 1198 744 1251 studeat
765 1199 930 1254 rationibus:
953 1205 977 1266 S.
1002 1197 1087 1257 1-4.

277 1291 300 1330 e.
323 1277 388 1329 Eum
421 1277 511 1330 omnia
539 1278 663 1330 animalia
684 1288 710 1330 et
731 1279 833 1332 ratione
859 1281 979 1351 praedita
1000 1290 1025 1334 et
1047 1283 1158 1336 rationis
1181 1303 1224 1338 ex-

342 1357 426 1425 pertia
447 1357 596 1410 desiderare
617 1367 643 1411 et
665 1366 798 1429 appetere.
821 1363 846 1423 S.
871 1356 956 1416 1-2.

278 1435 301 1489 b.
323 1437 496 1508 Voluptatem
528 1438 652 1490 omuibus
680 1440 853 1508 expetendam
879 1460 953 1504 esse,
981 1459 1040 1496 eum
1063 1442 1153 1508 dolor,
1181 1442 1224 1496 oui

343 1525 384 1570 est
403 1518 545 1582 contraria,
566 1536 651 1589 perse
667 1519 1006 1589 omnibuofugiendussit.
1023 1524 1047 1587 S
1065 1517 1120 1588 3,.1
1138 1518 1173 1578 1-
1175 1517 1222 1579 -3,

280 1597 502 1742 eVolu3ptatep1
530 1616 578 1733 agua
606 1615 699 1665 cause,
719 1616 774 1652 non
795 1600 830 1654 ob
859 1602 929 1655 aliud
955 1620 1012 1655 esse
1041 1604 1223 1672 expetendam.

275 1757 299 1808 b.
320 1757 494 1826 Voluptatem
521 1757 603 1811 cuivis
631 1757 703 1812 bono
725 1759 843 1813 additam
864 1761 950 1816 faeere
975 1760 1040 1816 illud
1067 1762 1153 1831 magis
1181 1781 1224 1816 ex-

340 1837 495 1907 petendum.
515 1840 538 1905 S
562 1832 590 1902 3,
610 1840 627 1894 l.
649 1833 719 1895 8.-
739 1836 811 1906 S.

206 1926 255 1987 pp.
277 1917 430 1970 Afferuntur
448 1920 567 1971 rationes
593 1935 699 1982 eorum,
726 1920 820 1990 qui
797 1920 903 1976 Eudoxi
924 1897 1079 1991 opinionem
1099 1922 1225 1992 reproba-

277 1995 351 2063 bant,
374 2004 401 2051 et
420 1997 609 2068 infringuntur.
632 2002 658 2063 S.
680 1996 736 2055 5-
740 1995 767 2056 7.

278 2092 301 2133 u.
323 2079 460 2148 Equarta
490 2077 595 2132 Eudoxi
615 2081 717 2132 ratione
748 2081 887 2134 Platonem
915 2088 1008 2133 eontra
1032 2081 1145 2151 probare
1178 2101 1225 2136 ro·

341 2159 431 2222 luisse,
453 2159 617 2228 voluptatem
638 2177 693 2212 non
714 2178 772 2214 esse
793 2177 923 2214 summam
944 2160 1055 2214 bonum.
1078 2165 1102 2226 S.
1125 2159 1153 2221 5.

278 2237 303 2293 b.
329 2238 403 2292 Nihil
431 2237 517 2291 dicere
551 2239 595 2309 qui
625 2239 738 2309 primam
763 2241 869 2294 Eudoxi
895 2241 1026 2294 rationem
1057 2241 1223 2311 impugnant,

342 2324 471 2387 negantes
492 2319 519 2370 id
550 2337 607 2372 esse
629 2319 728 2373 bonum
749 2321 822 2390 quod
849 2320 940 2373 omnia
966 2321 1117 2374 desiderant
1145 2330 1224 2391 atque

343 2407 487 2469 appetunt:
508 2416 568 2452 eum
589 2417 643 2452 non
665 2402 722 2453 sola
746 2399 843 2453 mentia
864 2400 981 2469 expertia
1001 2403 1150 2472 voluptates
1178 2419 1225 2471 ap-

342 2486 444 2550 petant,
466 2479 512 2532 red
534 2478 613 2532 etiam
634 2496 674 2543 ea,
694 2497 761 2550 quae
776 2478 883 2550 sapiunt
897 2487 924 2532 et
938 2480 1080 2549 prudenter
1095 2483 1223 2534 sentiunt.

280 2655 312 2693 tt.
343 2641 407 2705 an,
427 2637 472 2710 qui
493 2647 587 2692 eontra
606 2638 750 2692 recondam
770 2637 876 2692 Eudoxi
896 2639 1028 2693 rationem
1058 2639 1224 2708 disputantes

344 2727 371 2774 et
397 2721 467 2773 mala
492 2718 544 2772 sibi
570 2721 702 2772 contraria
729 2737 787 2773 esse
814 2720 914 2782 dicunt,
935 2720 963 2772 in
993 2719 1152 2791 quibusdam
1173 2720 1226 2773 hoe

343 2808 415 2854 reete
436 2799 604 2862 contendere,
624 2799 652 2852 in
673 2801 809 2870 voluptate
833 2799 951 2865 minime,
972 2819 1033 2855 eum
1054 2800 1099 2854 illa
1118 2800 1225 2872 quidem

290 2913 292 2918 ·
323 2895 400 2934 ,ιιοιι
420 2879 547 2949 fugienda
568 2879 611 2932 sit.
633 2881 655 2946 S.
677 2875 705 2935 7.

171 2973 198 3033 β.
220 2960 334 3030 Caput
359 2959 518 3013 tertium:
546 2959 698 3012 Dicentium
725 2961 887 3029 voluptatem
908 2977 963 3014 non
982 2979 1040 3016 esse
1063 2960 1166 3016 bonum
1187 2979 1226 3016 re·

222 3040 330 3104 lutatio,
351 3039 400 3093 etti
420 3057 476 3092 non
497 3039 584 3092 omnis
605 3040 752 3109 expetenda
773 3040 816 3094 sit.

212 3146 259 3179 aa.
281 3121 454 3190 Voluptatem
475 3136 529 3172 non
550 3119 611 3174 ideo
632 3137 687 3173 non
708 3139 766 3174 esse
787 3120 898 3185 bonum,
919 3121 991 3192 quod
1011 3138 1067 3174 non
1089 3120 1124 3174 eit
1144 3122 1227 3192 quali·

280 3210 336 3265 tas,
364 3217 424 3253 eum
451 3199 531 3252 etiarn
559 3200 662 3252 virtutis
690 3201 858 3271 operationes
885 3209 912 3254 et
938 3201 1077 3256 beatitudo
1097 3219 1152 3254 ιιοιι
1174 3201 1228 3254 sint

281 3280 432 3352 qualitates.
454 3281 476 3346 S.
500 3275 525 3344 1,
546 3281 563 3335 l.
591 3274 676 3336 1—4.

212 3377 262 3437 pfl.
284 3361 377 3432 Neque
398 3377 461 3414 v·ero
484 3361 645 3429 voluptatem
668 3378 683 3412 a
703 3359 777 3412 bono
792 3358 980 3428 sejungendum
995 3377 1063 3426 esse,
1085 3361 1157 3432 quod
1172 3377 1228 3414 non

280 3442 315 3496 sit
336 3440 484 3503 terminata,
506 3440 552 3492 sed
572 3442 632 3510 plus
653 3448 680 3492 et
699 3439 787 3492 minua
810 3441 951 3510 suscipiat,
980 3458 1040 3493 eum
1067 3449 1093 3494 et
1119 3441 1229 3494 virtutes

287 3530 314 3576 et
334 3521 468 3583 valetudo,
489 3537 556 3590 quae
568 3529 630 3574 sunt
651 3519 746 3583 bonae,
767 3520 869 3574 intendi
881 3527 907 3573 et
922 3521 1021 3573 remrttr
1032 3520 1144 3592 possint
1167 3523 1189 3588 S.
1203 3515 1229 3585 1,

214 3709 265 3755 w.
279 3681 440 3742 Refertantur
459 3679 505 3751 qni
525 3679 626 3745 dieunt,
647 3682 811 3750 voluptatem
830 3697 886 3733 non
907 3697 965 3734 ease
985 3678 1097 3745 bonum,
1118 3678 1181 3750 quia
1195 3678 1231 3732 sit

284 3770 374 3816 motus
395 3767 422 3816 et
442 3769 526 3825 ortua,
547 3770 627 3832 atque
647 3759 708 3815 ideo
730 3759 898 3830 imperfecta,
926 3760 1028 3813 bonurn
1056 3769 1144 3814 autem
1171 3778 1231 3831 per-

281 3844 387 3898 feetum.
413 3844 438 3906 S.
460 3834 546 3896 4-8.

256 3938 280 3978 u.
301 3923 474 3991 Voluptatem
493 3939 549 3975 ιιοιι
570 3938 627 3974 esre
648 3926 761 3986 motum,
782 3919 844 3991 quia
864 3919 983 3974 celeritas
1010 3927 1038 3974 et
1062 3919 1175 3973 tarditas
1202 3920 1231 3972 in

302 4003 362 4074 ipsa
382 4001 525 4071 voluptatis
546 4000 700 4071 operatione
720 4001 807 4054 inesse
827 4017 883 4053 non
903 4007 1001 4070 potest.
1024 4002 1047 4068 S.
1070 3995 1098 4055 4.

256 4083 280 4139 Β.
302 4083 475 4152 Voluptatem
495 4099 552 4135 non
572 4099 630 4134 esse
652 4079 858 4150 generationem.
880 4082 903 4148 1
925 4074 1012 4135 5-8.

285 4179 326 4219 uu.
348 4161 419 4222 Quia
439 4179 493 4214 nou
514 4162 692 4231 corrumpitur
705 4163 733 4213 in
746 4161 783 4224 id,
794 4179 826 4213 ex
840 4177 892 4230 quo
905 4169 964 4213 orta
975 4169 1024 4214 eet.
1038 4162 1063 4225 S.
1075 4157 1102 4223 5,
1115 4162 1130 4212 l.
1145 4152 1230 4214 1-3.

210 4258 213 4262 ·
267 4239 327 4295 'bit
349 4241 420 4302 Quia
439 4259 495 4294 non
515 4240 589 4309 eujus
609 4241 647 4293 rei
669 4248 743 4293 ortus
761 4247 832 4293 esset
853 4242 984 4311 voluptas,
1006 4239 1061 4308 ejus
1082 4241 1120 4294 rei
1141 4239 1230 4294 interi-

349 4329 392 4373 tus
413 4328 453 4374 est
474 4321 558 4373 dolor.
581 4322 604 4387 S.
627 4318 653 4383 5,
675 4322 692 4372 l.
714 4314 800 4376 3-4.

287 4416 319 4456 tt.
351 4399 421 4461 Quia
441 4416 497 4454 ιιοιι
517 4408 557 4453 est
578 4399 691 4469 expletio
716 4399 845 4470 eorporis,
866 4398 913 4452 sed
934 4397 1083 4468 expletione
1109 4397 1229 4467 eorporis

348 4480 419 4533 laeta
440 4480 543 4532 animus
562 4481 685 4544 laetatur,
707 4496 767 4532 eum
789 4487 879 4532 tamen
899 4486 926 4531 et
947 4479 1013 4530 aliae
1035 4478 1089 4530 siut
1109 4479 1230 4546 volupta-

348 4568 398 4624 tes,
419 4577 486 4632 quae
506 4561 580 4613 nullo
601 4558 775 4629 praecedente
796 4559 888 4612 dolore
909 4557 1031 4612 existant.
1053 4559 1078 4622 S.
1101 4549 1187 4612 6-8.
