3064 5036
219 342 363 400 XXXVIII
623 338 791 413 Conspectus
809 339 873 396 libri
891 339 966 396 VIII.

401 546 425 602 b.
446 545 540 600 Talem
561 546 705 600 amicitiam
726 561 784 600 erse
809 561 897 600 raram
922 551 949 599 et
975 562 1031 599 non
1057 545 1135 601 facile
1163 549 1300 616 contrahi,
1327 553 1379 604 esti

446 627 579 687 amicitIae
599 626 782 680 conciliandae
802 628 926 680 voluntas
940 628 1060 680 celeriter
1071 629 1240 699 suscipiatur.
1252 624 1277 703 5.
1289 622 1377 686 8-9.

319 705 345 768 l.
367 707 481 778 Caput
510 713 683 778 quartum:
718 705 899 761 Conseruntur
929 706 980 760 irae
1018 715 1072 762 tres
1108 707 1240 762 amicitiae
1277 713 1380 778 species

368 791 438 842 iuter
458 805 495 841 se.

360 893 405 926 aa.
427 867 459 921 in
478 865 577 938 quibua
598 864 799 920 similitudinem
819 864 918 919 babere
937 866 1079 920 videantur
1096 866 1268 939 imperfectae
1290 869 1382 922 amici·

423 949 476 1001 tiae
497 964 558 1000 cum
579 946 697 1002 amicitia
716 945 843 1016 perfecta.
866 941 891 1018 5.
914 939 1000 1001 1-2,

359 1039 406 1100 pp.
429 1027 518 1089 Quam
538 1025 637 1080 habeat
657 1025 902 1080 dissimilitudinem
926 1028 1044 1080 amicitia
1064 1027 1140 1080 utilis
1166 1043 1226 1081 cum
1250 1026 1381 1097 jucunda,

429 1116 456 1161 et
475 1106 613 1182 quomodo
635 1107 708 1176 ipsae
729 1105 851 1159 differant
873 1105 906 1158 ab
928 1107 981 1158 illa.
1003 1101 1029 1178 5.
1050 1100 1137 1163 3-7.

430 1203 453 1241 a.
491 1185 664 1257 imperfectas
685 1187 817 1239 amicitias
838 1187 917 1240 etiam
932 1188 1001 1240 iuter
1014 1189 1100 1240 malos
1115 1187 1276 1242 intercedere
1290 1205 1381 1259 posse.

427 1347 450 1401 b.
489 1348 581 1401 Solam
606 1347 724 1399 virorum
750 1345 884 1399 bonorum
909 1347 1054 1400 amicitiam
1089 1346 1320 1402 criminationibus
1354 1356 1384 1402 et

492 1427 633 1480 calumniis
653 1443 753 1481 vacare.
777 1419 803 1496 5
824 1420 852 1482 4.
970 1433 973 1442 “

429 1525 448 1564 a.
493 1507 642 1561 Honestam
663 1507 809 1559 amicitiam
822 1507 930 1578 proprie
944 1505 998 1560 dici
1012 1508 1166 1572 amicitiam,
1187 1509 1303 1580 reliquas
1317 1525 1384 1562 vero

492 1605 525 1642 ex
545 1587 729 1640 similitudine.
752 1580 778 1656 5.
800 1583 827 1642 5.

429 1669 451 1722 b.
489 1666 662 1739 Imperfectus
683 1667 813 1720 amicitias
833 1684 889 1720 non
909 1683 989 1738 saepe
1010 1668 1147 1737 copulatas
1167 1669 1285 1739 reperiri.
1307 1661 1334 1738 5.
1352 1663 1383 1724 6.

429 1763 448 1801 r.
490 1748 582 1802 Bonos
597 1765 656 1801 esse
678 1748 834 1817 simpliciter
856 1749 966 1810 arnicas,
986 1759 1091 1802 ceteros
1112 1765 1144 1802 ex
1158 1748 1297 1802 accidenti,
1313 1741 1384 1818 57.

322 1853 341 1887 t.
363 1827 476 1899 Caput
497 1830 671 1899 quintum:
693 1827 748 1888 Qui
770 1827 876 1881 dicendi
897 1829 977 1881 amici
997 1829 1090 1917 etqui
1111 1827 1145 1880 ad
1156 1830 1300 1882 amicitiam
1315 1831 1384 1899 apti.

361 1931 408 1968 aa
429 1907 498 1963 Cum
520 1909 555 1961 sit
575 1906 692 1960 amicitia
712 1913 759 1960 aut
778 1907 887 1961 habitus
909 1915 955 1962 aut
979 1907 1110 1978 operatio,
1131 1909 1295 1980 operationis
1323 1925 1385 2002 ces·

430 1989 533 2042 satione
555 1985 1192 2062 diuturnahabitumquoqueinobscurari.§.
1215 1984 1241 2046 1.

362 2081 409 2143 pp.
430 2069 523 2140 Neque
544 2085 620 2122 senes
641 2085 727 2139 neque
748 2076 868 2123 austeros
889 2069 924 2122 ad
945 2070 1089 2122 amicitiam
1110 2085 1169 2124 essa
1189 2070 1311 2134 idoneos,
1333 2069 1385 2123 sed

432 2165 489 2213 eos,
511 2150 557 2220 qui
578 2150 646 2202 inter
666 2166 694 2201 se
715 2149 821 2218 probati
841 2157 869 2202 et
888 2151 990 2220 accepti
1011 2150 1147 2204 communi
1173 2150 1242 2205 ritae
1270 2167 1385 2204 consue-

431 2227 523 2281 tudine
544 2228 730 2282 devinciuntur
750 2237 777 2282 et
797 2229 862 2282 boni
882 2237 954 2282 sunt.
977 2223 1003 2300 5.
1023 2222 1111 2284 2-4.

363 2334 413 2379 w.
429 2310 579 2362 Amicitiam
608 2326 666 2362 csse
698 2310 789 2379 potius
810 2308 947 2376 habitum,
974 2325 1054 2380 quam
1081 2310 1203 2364 affectum
1211 2331 1219 2374 3
1242 2307 1317 2379 cujus
1343 2307 1387 2363 rci

431 2396 484 2454 tres
505 2391 622 2443 ratIones
643 2390 795 2443 afferuntur.
819 2383 846 2459 5.
868 2385 895 2446 5.

432 2486 455 2523 a.
481 2470 634 2524 AmIcitiam
654 2488 712 2524 esse
733 2487 766 2525 ex
785 2472 936 2542 proposito.
958 2471 975 2522 I.
998 2462 1084 2526 1-4,

431 2551 455 2604 b.
483 2552 636 2607 Amicitiam
667 2569 725 2606 ease
756 2569 817 2605 cum
837 2553 966 2605 electione
987 2549 1053 2603 boni
1067 2548 1247 2619 conjunctam.
1262 2551 1278 2602 I.
1294 2543 1385 2604 4-8.

433 2632 633 2685 aAmicitiam
665 2633 811 2686 consistere
843 2633 871 2685 in
892 2648 977 2702 aequa
996 2631 1171 2686 retributIone
1199 2629 1264 2683 boni
1289 2638 1315 2683 et
1339 2627 1385 2698 ju·

478 2711 567 2765 cundi.
588 2714 605 2764 I.
626 2704 735 2766 8-11.

325 2786 352 2862 ζ.
374 2790 491 2860 Caput
511 2790 788 2862 sextum:1nqua
809 2790 928 2843 amicitia
947 2792 1037 2862 plures
1058 2809 1117 2845 esse
1137 2791 1245 2862 possint
1265 2791 1350 2844 amici.

364 2895 410 2928 tta.
432 2871 492 2924 Etsi
513 2887 590 2923 senes
611 2879 638 2924 et
658 2873 758 2924 austeri
778 2869 866 2923 minua
887 2889 969 2942 quam
985 2871 1096 2941 juvenes
1113 2872 1146 2926 ad
1161 2873 1306 2925 amicitiam
1326 2873 1385 2941 apti

429 2953 492 3028 sint,
514 2958 604 3005 tamen
625 2950 770 3006 benevolos
791 2953 859 3005 Inter
879 2970 907 3006 se
928 2969 987 3006 esse
1007 2968 1095 3024 posse.
1117 2948 1143 3026 5
1166 2946 1191 3006 1.

363 3043 410 3104 pp.
432 3031 580 3085 Perfectam
606 3049 668 3086 cunr
693 3033 785 3085 multis
814 3033 958 3087 amicitiam
986 3034 1087 3087 nemini
1114 3031 1274 3087 intercedere
1302 3049 1383 3103 posse

391 3111 537 3172 duabus
557 3111 590 3165 dc
612 3114 707 3166 causis.
729 3107 754 3185 §.
776 3105 863 3167 2-3.

433 3207 456 3244 a.
498 3192 638 3247 Summum
658 3209 719 3246 raro
741 3193 905 3262 contingere.
926 3187 952 3266 5.
973 3187 1001 3248 2.

430 3272 454 3325 b.
492 3272 630 3326 Bonorum
652 3274 797 3326 amicitiam
822 3272 942 3343 indigere
967 3275 1049 3345 longa
1075 3273 1239 3344 experientia
1266 3278 1292 3327 et
1319 3256 1384 3326 cori·

495 3352 643 3407 suetudine.
666 3349 692 3426 5.
713 3347 741 3410 3.

364 3458 414 3504 pp.
429 3433 582 3487 Amicitiam
599 3432 776 3502 jucunditatis
787 3451 867 3488 causa
880 3432 978 3488 iactam
999 3433 1156 3504 magistrae
1178 3434 1321 3487 amicitiam
1342 3450 1383 3497 ea,

432 3531 500 3584 quae
521 3521 562 3567 est
582 3514 617 3567 ob
638 3516 789 3568 utilitatem.
812 3510 838 3588 §.
859 3509 888 3570 I.

365 3589 408 3653 di.
430 3595 486 3655 Qui
506 3601 569 3648 sunt
594 3597 754 3649 auctoritate
782 3597 870 3666 aliqua
896 3601 923 3648 et
949 3600 1083 3666 potestate
1110 3593 1223 3665 praediti
1249 3593 1383 3648 distinctis

431 3683 458 3728 et
479 3674 571 3729 divisis
592 3676 684 3730 amicis
705 3678 754 3729 uti.
777 3669 803 3746 5.
825 3669 912 3732 5-6.

341 3779 397 3818 tr
429 3756 570 3810 Amicitiae
591 3758 694 3829 species
721 3756 850 3811 hactenus
877 3757 1012 3828 expositas
1040 3755 1068 3808 in
1095 3755 1253 3826 aequalitate
1280 3754 1383 3826 positas

433 3853 498 3891 csse
513 3837 623 3892 Summa
636 3855 738 3902 eorum,
753 3855 821 3910 quae
838 3837 900 3892 de'
883 3855 917 3891 us
928 3837 1090 3911 dictasunt,
1108 3836 1244 3906 repetitur.
1258 3826 1284 3904 5.
1296 3826 1383 3889 7-8.

296 3917 319 3972 b.
340 3916 381 3971 De
409 3918 526 3972 amicitIa
549 3917 736 3989 inaequalium.
768 3917 847 3972 Ratio
882 3917 996 3972 habetur
1026 3917 1196 3988 potissimum
1229 3914 1330 3970 formae
1357 3921 1384 3967 et

337 4015 476 4069 personae,
496 4015 519 4052 c.
540 3992 649 4055 7-12.

327 4103 353 4136 a.
375 4078 709 4157 Caputtseptinaum:
730 4078 772 4133 De
794 4080 926 4133 amicitiae
947 4093 1051 4148 genere,
1078 4076 1152 4149 quod
1177 4078 1205 4130 in
1231 4073 1385 4130 excellentia

376 4160 495 4229 positum
516 4166 565 4211 est.

366 4262 412 4296 aa.
433 4238 505 4290 Huic
524 4239 577 4308 Ipsi
597 4239 687 4307 generi
707 4239 796 4308 plures
821 4254 879 4292 esse
900 4238 1001 4309 species
1022 4239 1090 4292 inter
1111 4255 1139 4292 se
1161 4237 1317 4292 omnimodo
1346 4238 1386 4292 di-

436 4333 533 4370 versas.
556 4311 690 4389 51-2.

364 4408 411 4468 aa.
432 4397 588 4451 Permanere
608 4395 763 4466 hujusmodi
784 4395 923 4462 amicitias,
943 4399 967 4452 si
987 4400 1074 4469 primo
1106 4399 1215 4491 aequale
1243 4397 1317 4470 quod
1345 4407 1388 4453 est

348 4539 351 4554 ι
434 4479 462 4531 in
483 4479 647 4548 quantitate,
667 4478 785 4533 secundo
806 4478 916 4548 aequale
941 4479 1015 4551 quod
1041 4485 1082 4535 eat
1109 4481 1137 4533 in
1166 4479 1296 4557 dIguitate
1324 4497 1387 4549 pro-

434 4558 559 4629 portione
581 4557 737 4620 teatituitur.
759 4551 785 4632 5.
806 4550 893 4618 3-5.

1526 733 1527 816 t

1523 880 1528 963 ¹
