3064 5036
664 337 833 409 Conspectus
852 339 913 394 libri
933 340 981 394 111.

453 539 477 592 l.
498 537 691 608 Intrepiditatis
712 546 738 592 et
759 539 894 596 arrdaciar.
916 543 942 608 5.
963 536 1050 598 7-9,

455 633 475 671 ι.
496 617 629 688 lgnusiae.
652 621 677 682 5.
701 613 828 675 10-11.
929 628 932 633 '

347 721 349 726 ·
386 719 436 764 w.
452 695 546 749 Virtus
564 703 591 750 et
611 695 675 750 vitia
694 697 765 752 inter
784 715 813 752 se
833 705 994 770 comparatu.
1016 703 1041 766 5.
1064 695 1191 758 12-15
1287 728 1290 734 ’

346 773 512 846 y.Gaput
533 781 704 829 octavum:
725 778 849 848 Quinque
871 779 972 849 speeies
993 779 1156 834 tortitudinis
1177 798 1233 834 non
1253 798 1337 835 uerae.

386 877 432 910 ιιι.
454 854 594 908 Fortitudo
615 855 708 910 civilis.
730 859 756 922 5
780 851 864 913 1-5,

279 957 281 961 ·
386 943 433 1002 pp.
453 932 604 999 Fortitudo,
624 951 692 1006 quae
713 953 745 990 ex
764 954 816 990 usu
837 945 864 990 et
885 929 1047 1008 experientia
1068 937 1160 992 oritur.
1186 940 1212 1002 5
1234 934 1289 993 6-
1293 894 1321 994 9.

386 1037 436 1080 yy.
450 1012 603 1078 Fortitudo,
621 1029 688 1084 quas
708 1015 762 1068 irae
783 1015 951 1070 adscribitur.
972 1018 999 1082 5.
1023 1010 1147 1072 10-12.

386 1086 430 1149 ll.
450 1090 591 1145 Fortitudo
613 1110 714 1158 eorum,
734 1096 780 1165 qui
801 1093 874 1148 bona
893 1112 940 1166 spe
961 1094 1020 1149 freti
1041 1103 1111 1148 suat.
1133 1098 1158 1160 5
1183 1089 1309 1152 13-15.

387 1193 418 1228 ιι.
448 1169 601 1237 Fortitudo,
620 1189 688 1242 quae
708 1189 741 1226 ex
762 1172 914 1243 ignorantia
934 1173 1045 1244 periculi
1066 1175 1193 1244 gignitur.
1215 1179 1240 1241 5.
1264 1171 1310 1232 16.

345 1242 371 1305 5.
393 1248 505 1319 Caput
524 1267 664 1305 nonum.
685 1252 726 1306 De
747 1252 928 1307 accidentibus
949 1253 1122 1308 tortitudinis.

385 1329 645 1463 aa.For1titudinem
667 1331 753 1401 magis
774 1331 801 1386 lu
822 1331 994 1400 terribilibus,
1013 1351 1094 1404 quam
1115 1333 1142 1386 in
1170 1333 1267 1388 lidueia
1295 1337 1407 1392 versari.

384 1497 431 1555 ῥρ.
452 1485 517 1555 Ejus
537 1487 617 1542 linem
638 1505 696 1622 ιῖιιι
712 1487 870 1558 jucundum,
890 1490 978 1545 media
998 1508 1070 1555 sero,
1090 1491 1203 1562 quaead
1221 1493 1406 1558 eamducunt,

452 1568 573 1620 molesta.
594 1569 620 1632 5.
662 1565 729 1624 *5.

385 1667 435 1718 77.
428 1644 518 1700 ,Esse
539 1648 619 1781 etitkm
641 1646 727 1702 bouus
748 1647 855 1713 milites,
875 1648 921 1718 qui
942 1646 1022 1716 liujus
1042 1647 1205 1704 fortitudinis
1225 1667 1281 1704 non
1301 1651 1405 1706 similes

452 1723 514 1779 sint.
536 1727 561 1790 5.
604 1765 610 1778 .
1288 1739 1291 1759 ¹

316 1799 341 1858 b.
362 1800 403 1855 De
424 1806 608 1874 temperantia.
628 1822 651 1858 e.
674 1798 800 1862 10--12,
1451 1873 1460 1886 .

346 1905 373 1937 ιι.
395 1881 508 1952 Caput
528 1883 710 1938 decimum:
731 1885 860 1938 Definitio
880 1888 1081 1956 temperantiae.
1120 1885 1162 1940 Dc
1188 1889 1308 1942 materia.
1331 1888 1405 1943 cirea

396 1979 476 2032 quam
497 1971 616 2018 versatur
635 1967 811 2036 temperantia
832 1972 858 2018 et
880 1973 997 2020 extrema
1016 1967 1040 2020 ei
1064 1965 1198 2036 opposita.

384 2065 430 2098 ιιιι.
452 2041 559 2096 Versari
580 2042 607 2096 in
628 2045 748 2114 corporis
768 2043 959 2114 voluptatibus.
984 2047 1010 2108 5.
1033 2039 1119 2100 1-2.

383 2131 431 2194 pp.
452 2121 483 2176 ln
504 2122 601 2193 quibua
621 2121 742 2194 corporis
764 2123 946 2194 voluptatibus
965 2141 1020 2178 uon
1042 2133 1187 2178 versentur.
1219 2126 1244 2189 5.
1266 2119 1352 2180 3-6.

384 2224 434 2270 pp.
449 2201 556 2254 Versuri
576 2201 603 2254 iu
623 2201 666 2267 iis,
687 2219 756 2272 quae
777 2201 879 2256 homini
902 2221 963 2257 cum
983 2202 1090 2274 reliquis
1116 2203 1296 2258 animantibus
1323 2217 1405 2258 eom-

450 2297 544 2336 muues
566 2288 637 2347 sunt,
656 2287 730 2334 tactu
751 2280 851 2335 scilieet
872 2289 899 2335 et
919 2290 1038 2352 gustatu.
1060 2285 1086 2348 5.
1109 2277 1216 2338 7-11.

343 2368 372 2427 β.
394 2357 505 2448 Caput
530 2360 765 2418 undecimum..
789 2361 983 2432 operationes,
1011 2373 1078 2432 quae
1098 2362 1231 2440 prodeunt
1259 2381 1274 2416 ιι
1300 2370 1404 2433 tempe·

394 2437 481 2492 rantis
502 2446 528 2493 et
548 2439 619 2494 vitiis
640 2439 664 2494 ei
685 2439 826 2512 oppositis.

378 2531 430 2574 ιιίι.
453 2517 620 2590 cupiditates
640 2519 706 2574 alias
726 2537 785 2574 esse
805 2537 961 2575 communes
982 2528 1009 2573 et
1029 2521 1174 2588 naturales,
1193 2520 1259 2574 alias
1278 2519 1403 2591 proprias

452 2605 479 2651 et
499 2599 623 2653 adscitas.
644 2602 670 2665 5.
693 2594 778 2655 1-2.

383 2685 431 2744 μβ.
453 2677 495 2732 De
516 2673 727 2748 iirtemperantia
749 2681 775 2744 5.
796 2672 884 2735 3-6,

450 2774 475 2810 ιι.
496 2757 537 2810 De
558 2774 666 2811 excessu
687 2756 714 2809 in
735 2756 925 2827 cupiditatibus
946 2755 1121 2808 naturalibus.
1143 2757 1168 2820 5.
1191 2750 1217 2812 3.

450 2835 474 2888 b,
496 2835 537 2888 De
559 2852 668 2890 excessu
689 2834 852 2906 inpropriis
873 2832 1072 2903 cupiditatibus.
1094 2837 1119 2900 5.
1141 2829 1169 2890 d.

451 2929 472 2967 ι.
491 2914 532 2968 De
553 2931 662 2970 excessu
677 2915 710 2968 'in
731 2913 870 2968 doloribus
891 2919 1021 2968 versante.
1047 2916 1073 2978 5.
1094 2908 1185 2970 5-6.

383 3019 433 3062 w·
454 2993 496 3046 De
517 3001 635 3064 stupore,
656 2993 701 3065 qni
723 3001 764 3046 eat
784 2992 911 3046 defectus.
933 2993 959 3056 5.
980 2987 1007 3046 7.

381 3069 427 3130 55.
450 3072 595 3134 Quomodo
617 3089 645 3126 se
665 3071 764 3125 habeat
784 3081 935 3142 temperans
955 3070 983 3124 in
1003 3087 1052 3124 sua
1071 3072 1192 3124 materia.
1213 3073 1238 3136 5.
1260 3066 1288 3126 8.

343 3175 372 3218 p.
394 3151 506 3222 Caput
528 3151 784 3205 duodecimum:
806 3150 847 3204 De
868 3149 1087 3220 intemperantiae
1109 3149 1298 3204 accidentibus.

382 3254 428 3288 ιιιι.
449 3230 543 3284 Utrum
564 3229 768 3301 intemperantia
788 3229 873 3300 magis
893 3247 972 3300 quam
992 3229 1100 3300 ignavia
1112 3239 1209 3300 sponte
1230 3231 1398 3302 suscipiatur.

450 3302 514 3374 5
519 3303 577 3364 -4
958 3313 981 3360 ⁸
1042 3336 1045 3340 ·

381 3397 427 3458 pp.
449 3387 490 3440 De
513 3387 685 3442 translatione
712 3387 828 3442 nominis
855 3387 1076 3459 intemperantiae
1102 3386 1136 3440 ad
1162 3396 1248 3467 errata
1276 3391 1397 3460 puerilia

279 3537 308 3598 2.
331 3468 549 3680 Virzotesss
471 3545 605 3600 radendis
616 3543 827 3617 accipiendisque
838 3561 957 3616 perunna
980 3550 1128 3598 versantes:
1158 3543 1257 3599 Libri
1277 3547 1397 3616 quarti

331 3638 354 3675 c.
396 3653 463 3678 —.

311 3717 336 3754 a.
358 3700 473 3773 Caput
493 3702 652 3774 primum:
673 3703 715 3758 De
735 3701 893 3757 liberalitate
915 3709 942 3756 et
960 3699 1017 3770 ejus
1039 3701 1171 3756 extremis.

339 3803 366 3837 s·
389 3780 517 3837 Definitio
538 3783 633 3837 horum
653 3782 804 3836 habituum.
815 3782 955 3836 Materiam
967 3797 1058 3835 eorum
1080 3797 1140 3834 esee
1160 3797 1225 3850 opes
1236 3788 1263 3834 et
1280 3780 1395 3838 divitias.

337 3946 365 4005 β.
388 3937 442 3999 Qui
463 3942 498 3993 sit
517 3938 645 4005 liberalis,
664 3956 784 4011 quaeque
804 3937 862 4008 ejus
884 3936 1062 4008 operationes.
1084 3940 1110 4002 5.
1132 3931 1239 3993 6-25.

338 4039 367 4084 γ.
389 4016 555 4072 Describitur
574 4017 712 4089 prodigus,
733 4025 840 4072 etcum
862 4033 942 4070 avaro
963 4025 1140 4087 eomparatur.
1162 4019 1189 4082 5.
1209 4011 1336 4074 26-34.

336 4090 362 4151 5.
384 4095 425 4150 De
445 4097 623 4151 illiberalitatis
643 4096 752 4169 ejusque
773 4094 923 4168 speciebus.
946 4097 971 4160 5.
993 4089 1120 4151 35-42.

307 4172 331 4230 b
351 4174 465 4246 Caput
486 4176 692 4230 seecundum.
713 4177 755 4230 De
776 4175 976 4244 magnificentia
995 4181 1023 4226 et
1043 4171 1099 4242 ejus
1120 4175 1253 4228 extremis.

336 4279 362 4311 ιι.
384 4254 574 4325 Proponuntur
594 4254 771 4308 definitiones.
813 4252 952 4307 Materiam
973 4269 1031 4307 esse
1053 4261 1156 4307 sumtus
1177 4252 1343 4354 mapnifieos.
1365 4256 1393 4320 5.

332 4425 361 4484 ρ.
382 4327 546 4484 besebiptio
544 4409 697 4482 magnifici.
719 4411 745 4474 5
769 4402 878 4465 5-18.
