<?xml version="1.0" encoding="UTF-8"?>
<!DOCTYPE html PUBLIC "-//W3C//DTD XHTML 1.0 Transitional//EN"
    "http://www.w3.org/TR/xhtml1/DTD/xhtml1-transitional.dtd">
<html xmlns="http://www.w3.org/1999/xhtml" xml:lang="en" lang="en">
 <head>
  <title>
</title>
<meta http-equiv="Content-Type" content="text/html;charset=utf-8" />
  <meta name='ocr-system' content='tesseract 3.04.00' />
  <meta name='ocr-capabilities' content='ocr_page ocr_carea ocr_par ocr_line ocrx_word'/>
</head>
<body>
  <div class='ocr_page' id='page_1' title='image "aristotelisethi02arisgoog_0087.png"; bbox 0 0 3064 5036; ppageno 0'>
   <div class='ocr_carea' id='block_1_1' title="bbox 277 353 1153 428">
    <p class='ocr_par' dir='ltr' id='par_1_1' title="bbox 277 353 1153 428">
     <span class='ocr_line' id='line_1_1' title="bbox 277 353 1153 428; baseline 0 -13"><span class='ocrx_word' id='word_1_1' title='bbox 277 353 327 428; x_wconf 81' lang='grc'><strong>31)</strong></span> <span class='ocrx_word' id='word_1_2' title='bbox 553 357 732 414; x_wconf 79' lang='lat' dir='ltr'>Commentor.</span> <span class='ocrx_word' id='word_1_3' title='bbox 757 359 791 412; x_wconf 89' lang='lat' dir='ltr'>ad</span> <span class='ocrx_word' id='word_1_4' title='bbox 812 359 921 414; x_wconf 80' lang='lat' dir='ltr'>Aristot.</span> <span class='ocrx_word' id='word_1_5' title='bbox 943 359 1028 415; x_wconf 83' lang='lat' dir='ltr'>Ethic.</span> <span class='ocrx_word' id='word_1_6' title='bbox 1050 361 1153 415; x_wconf 90' lang='lat' dir='ltr'>Nicom.</span> 
     </span>
    </p>
   </div>
   <div class='ocr_carea' id='block_1_2' title="bbox 209 568 1503 4588">
    <p class='ocr_par' dir='ltr' id='par_1_2' title="bbox 209 568 1503 4588">
     <span class='ocr_line' id='line_1_2' title="bbox 276 568 1413 663; baseline -0.002 -21"><span class='ocrx_word' id='word_1_7' title='bbox 276 575 389 660; x_wconf 81' lang='grc' dir='ltr'>λέγεται</span> <span class='ocrx_word' id='word_1_8' title='bbox 411 573 443 640; x_wconf 71' lang='grc' dir='ltr'>δὲ</span> <span class='ocrx_word' id='word_1_9' title='bbox 465 571 531 658; x_wconf 87' lang='grc' dir='ltr'>περ1</span> <span class='ocrx_word' id='word_1_10' title='bbox 553 568 640 660; x_wconf 75' lang='grc' dir='ltr'>αὐτῆς</span> <span class='ocrx_word' id='word_1_11' title='bbox 661 571 711 639; x_wconf 77' lang='lat' dir='ltr'>nul</span> <span class='ocrx_word' id='word_1_12' title='bbox 734 576 759 639; x_wconf 78' lang='grc' dir='ltr'>ἐν</span> <span class='ocrx_word' id='word_1_13' title='bbox 782 580 840 653; x_wconf 81' lang='grc' dir='ltr'>τοῖς</span> <span class='ocrx_word' id='word_1_14' title='bbox 864 576 1038 660; x_wconf 72' lang='grc' dir='ltr'>ἔξωτερινιοῒς</span> <span class='ocrx_word' id='word_1_15' title='bbox 1067 573 1160 663; x_wconf 73' lang='grc' dir='ltr'>λόγοις</span> <span class='ocrx_word' id='word_1_16' title='bbox 1183 570 1335 660; x_wconf 74' lang='grc' dir='ltr'>ἀρκούντως</span> <span class='ocrx_word' id='word_1_17' title='bbox 1357 571 1413 641; x_wconf 77' lang='grc' dir='ltr'>ἔνια·</span> 
     </span>
     <span class='ocr_line' id='line_1_3' title="bbox 276 679 1416 774; baseline -0.001 -22"><span class='ocrx_word' id='word_1_18' title='bbox 276 683 325 752; x_wconf 72' lang='grc' dir='ltr'>καὶ</span> <span class='ocrx_word' id='word_1_19' title='bbox 347 686 490 772; x_wconf 79' lang='grc' dir='ltr'><em>χρηστέον</em></span> <span class='ocrx_word' id='word_1_20' title='bbox 514 679 625 766; x_wconf 74' lang='grc' dir='ltr'>αὖτοῒςε</span> <span class='ocrx_word' id='word_1_21' title='bbox 648 709 708 752; x_wconf 91' lang='lat' dir='ltr'>nee</span> <span class='ocrx_word' id='word_1_22' title='bbox 724 709 806 772; x_wconf 90' lang='lat' dir='ltr'>opus</span> <span class='ocrx_word' id='word_1_23' title='bbox 822 697 883 766; x_wconf 87' lang='lat' dir='ltr'>est,</span> <span class='ocrx_word' id='word_1_24' title='bbox 904 689 1007 774; x_wconf 92' lang='lat' dir='ltr'>inquit</span> <span class='ocrx_word' id='word_1_25' title='bbox 1020 691 1219 770; x_wconf 85' lang='lat' dir='ltr'>Aristoteles,</span> <span class='ocrx_word' id='word_1_26' title='bbox 1242 699 1279 753; x_wconf 93' lang='lat' dir='ltr'>ut</span> <span class='ocrx_word' id='word_1_27' title='bbox 1296 689 1416 753; x_wconf 83' lang='lat' dir='ltr'>animam</span> 
     </span>
     <span class='ocr_line' id='line_1_4' title="bbox 276 799 1503 887; baseline -0.001 -23"><span class='ocrx_word' id='word_1_28' title='bbox 276 801 432 866; x_wconf 93' lang='lat' dir='ltr'>hocloco</span> <span class='ocrx_word' id='word_1_29' title='bbox 454 799 673 885; x_wconf 86' lang='lat' dir='ltr'>philosophice</span> <span class='ocrx_word' id='word_1_30' title='bbox 689 809 723 864; x_wconf 91' lang='lat' dir='ltr'>et</span> <span class='ocrx_word' id='word_1_31' title='bbox 741 809 896 881; x_wconf 83' lang='lat' dir='ltr'>aecmate,</span> <span class='ocrx_word' id='word_1_32' title='bbox 921 803 1188 886; x_wconf 81' lang='lat' dir='ltr'><strong>quemadmodum</strong></span> <span class='ocrx_word' id='word_1_33' title='bbox 1210 801 1279 887; x_wconf 90' lang='lat' dir='ltr'>ipse</span> <span class='ocrx_word' id='word_1_34' title='bbox 1299 802 1330 864; x_wconf 93' lang='lat' dir='ltr'>in</span> <span class='ocrx_word' id='word_1_35' title='bbox 1342 801 1416 864; x_wconf 86' lang='lat' dir='ltr'>libn&#39;s</span> <span class='ocrx_word' id='word_1_36' title='bbox 1502 801 1503 810; x_wconf 77' lang='grc'>’</span> 
     </span>
     <span class='ocr_line' id='line_1_5' title="bbox 276 907 1503 998; baseline -0.002 -20"><span class='ocrx_word' id='word_1_37' title='bbox 276 908 341 996; x_wconf 77' lang='grc' dir='ltr'>περὶ</span> <span class='ocrx_word' id='word_1_38' title='bbox 362 910 461 998; x_wconf 72' lang='grc' dir='ltr'>μωχῆς</span> <span class='ocrx_word' id='word_1_39' title='bbox 482 912 574 992; x_wconf 81' lang='lat' dir='ltr'>lecit,</span> <span class='ocrx_word' id='word_1_40' title='bbox 605 911 818 997; x_wconf 85' lang='lat' dir='ltr'>dispiciamua3</span> <span class='ocrx_word' id='word_1_41' title='bbox 846 913 916 977; x_wconf 87' lang='lat' dir='ltr'>infr.</span> <span class='ocrx_word' id='word_1_42' title='bbox 939 913 996 992; x_wconf 92' lang='lat' dir='ltr'>Vl,</span> <span class='ocrx_word' id='word_1_43' title='bbox 1026 937 1054 979; x_wconf 90' lang='lat' dir='ltr'>c.</span> <span class='ocrx_word' id='word_1_44' title='bbox 1078 915 1115 993; x_wconf 76' lang='lat' dir='ltr'>l,</span> <span class='ocrx_word' id='word_1_45' title='bbox 1147 915 1176 998; x_wconf 66' lang='lat' dir='ltr'>q.</span> <span class='ocrx_word' id='word_1_46' title='bbox 1202 915 1233 982; x_wconf 84' lang='lat'>1.</span> <span class='ocrx_word' id='word_1_47' title='bbox 1264 907 1416 998; x_wconf 70' lang='grc' dir='ltr'>πιστεύομεν</span> <span class='ocrx_word' id='word_1_48' title='bbox 1502 963 1503 966; x_wconf 63' lang='lat'>,</span> 
     </span>
     <span class='ocr_line' id='line_1_6' title="bbox 276 1017 1503 1120; baseline -0.002 -30"><span class='ocrx_word' id='word_1_49' title='bbox 276 1025 308 1090; x_wconf 68' lang='lat' dir='ltr'>dl</span> <span class='ocrx_word' id='word_1_50' title='bbox 335 1021 384 1090; x_wconf 77' lang='grc' dir='ltr'>καὶ</span> <span class='ocrx_word' id='word_1_51' title='bbox 412 1019 477 1107; x_wconf 75' lang='grc' dir='ltr'>περὶ</span> <span class='ocrx_word' id='word_1_52' title='bbox 504 1017 596 1089; x_wconf 76' lang='grc' dir='ltr'>αὐτῶν</span> <span class='ocrx_word' id='word_1_53' title='bbox 622 1019 752 1103; x_wconf 76' lang='grc' dir='ltr'>καὶτοῖς</span> <span class='ocrx_word' id='word_1_54' title='bbox 782 1025 956 1108; x_wconf 77' lang='grc' dir='ltr'>ἐξωτερικοῖς</span> <span class='ocrx_word' id='word_1_55' title='bbox 985 1020 1078 1120; x_wconf 76' lang='grc' dir='ltr'>λόγοις</span> <span class='ocrx_word' id='word_1_56' title='bbox 1113 1026 1189 1109; x_wconf 81' lang='lat' dir='ltr'>(suis</span> <span class='ocrx_word' id='word_1_57' title='bbox 1220 1025 1305 1091; x_wconf 84' lang='lat' dir='ltr'>libris</span> <span class='ocrx_word' id='word_1_58' title='bbox 1332 1025 1415 1090; x_wconf 92' lang='lat' dir='ltr'>fidem</span> <span class='ocrx_word' id='word_1_59' title='bbox 1502 1067 1503 1106; x_wconf 55' lang='grc' dir='ltr'>γ</span> 
     </span>
     <span class='ocr_line' id='line_1_7' title="bbox 274 1136 1416 1220; baseline -0.003 -18"><span class='ocrx_word' id='word_1_60' title='bbox 274 1136 453 1202; x_wconf 88' lang='lat' dir='ltr'>hahendam</span> <span class='ocrx_word' id='word_1_61' title='bbox 467 1159 539 1202; x_wconf 89' lang='lat' dir='ltr'>esse</span> <span class='ocrx_word' id='word_1_62' title='bbox 550 1147 660 1202; x_wconf 91' lang='lat' dir='ltr'>auctor</span> <span class='ocrx_word' id='word_1_63' title='bbox 671 1158 736 1202; x_wconf 93' lang='lat' dir='ltr'>non</span> <span class='ocrx_word' id='word_1_64' title='bbox 748 1137 935 1220; x_wconf 86' lang='lat' dir='ltr'>monuerit);</span> <span class='ocrx_word' id='word_1_65' title='bbox 959 1138 1035 1202; x_wconf 84' lang='lat' dir='ltr'>Eth.</span> <span class='ocrx_word' id='word_1_66' title='bbox 1050 1138 1187 1204; x_wconf 82' lang='lat' dir='ltr'>Eodem.</span> <span class='ocrx_word' id='word_1_67' title='bbox 1203 1137 1240 1218; x_wconf 90' lang='lat' dir='ltr'>ll,</span> <span class='ocrx_word' id='word_1_68' title='bbox 1257 1139 1286 1206; x_wconf 85' lang='lat'>1.</span> <span class='ocrx_word' id='word_1_69' title='bbox 1305 1137 1367 1202; x_wconf 93' lang='lat' dir='ltr'>init.</span> <span class='ocrx_word' id='word_1_70' title='bbox 1385 1137 1416 1200; x_wconf 88' lang='lat' dir='ltr'>dc</span> 
     </span>
     <span class='ocr_line' id='line_1_8' title="bbox 275 1237 1503 1335; baseline -0.002 -21"><span class='ocrx_word' id='word_1_71' title='bbox 275 1247 446 1334; x_wconf 74' lang='lat' dir='ltr'>partitione</span> <span class='ocrx_word' id='word_1_72' title='bbox 467 1248 633 1313; x_wconf 87' lang='lat' dir='ltr'>bonorum·</span> <span class='ocrx_word' id='word_1_73' title='bbox 649 1250 700 1332; x_wconf 84' lang='lat' dir='ltr'>(cf.</span> <span class='ocrx_word' id='word_1_74' title='bbox 723 1249 794 1313; x_wconf 84' lang='lat' dir='ltr'>infr.</span> <span class='ocrx_word' id='word_1_75' title='bbox 819 1237 907 1330; x_wconf 53' lang='lat' dir='ltr'>cs8,</span> <span class='ocrx_word' id='word_1_76' title='bbox 938 1250 966 1334; x_wconf 66' lang='lat' dir='ltr'>q.</span> <span class='ocrx_word' id='word_1_77' title='bbox 992 1249 1043 1332; x_wconf 82' lang='lat'>2)=</span> <span class='ocrx_word' id='word_1_78' title='bbox 1077 1243 1217 1332; x_wconf 65' lang='grc' dir='ltr'>καθάπερ</span> <span class='ocrx_word' id='word_1_79' title='bbox 1241 1243 1416 1335; x_wconf 64' lang='grc' dir='ltr'>διαιρούμεθα</span> <span class='ocrx_word' id='word_1_80' title='bbox 1502 1271 1503 1328; x_wconf 73' lang='grc' dir='ltr'>ν</span> 
     </span>
     <span class='ocr_line' id='line_1_9' title="bbox 274 1355 1492 1448; baseline 0 -22"><span class='ocrx_word' id='word_1_81' title='bbox 274 1355 324 1426; x_wconf 79' lang='grc' dir='ltr'>καὶ</span> <span class='ocrx_word' id='word_1_82' title='bbox 348 1361 374 1425; x_wconf 80' lang='grc' dir='ltr'>ἐν</span> <span class='ocrx_word' id='word_1_83' title='bbox 395 1365 454 1440; x_wconf 77' lang='grc' dir='ltr'>τοῖς</span> <span class='ocrx_word' id='word_1_84' title='bbox 477 1362 660 1445; x_wconf 74' lang='grc' dir='ltr'>ἐξωτερικοῖς.</span> <span class='ocrx_word' id='word_1_85' title='bbox 706 1362 944 1447; x_wconf 81' lang='lat' dir='ltr'>Nonnunquam</span> <span class='ocrx_word' id='word_1_86' title='bbox 973 1384 1050 1427; x_wconf 86' lang='lat' dir='ltr'>sane</span> <span class='ocrx_word' id='word_1_87' title='bbox 1078 1363 1221 1448; x_wconf 81' lang='lat' dir='ltr'>perlecto</span> <span class='ocrx_word' id='word_1_88' title='bbox 1242 1363 1338 1428; x_wconf 89' lang='lat' dir='ltr'>utitur</span> <span class='ocrx_word' id='word_1_89' title='bbox 1355 1362 1416 1426; x_wconf 86' lang='lat' dir='ltr'>An&#39;·</span> <span class='ocrx_word' id='word_1_90' title='bbox 1489 1373 1492 1386; x_wconf 87' lang='lat'>&#39;</span> 
     </span>
     <span class='ocr_line' id='line_1_10' title="bbox 276 1473 1416 1559; baseline -0.003 -21"><span class='ocrx_word' id='word_1_91' title='bbox 276 1473 425 1552; x_wconf 87' lang='lat' dir='ltr'>stoteles,</span> <span class='ocrx_word' id='word_1_92' title='bbox 456 1473 513 1538; x_wconf 89' lang='lat' dir='ltr'>sed</span> <span class='ocrx_word' id='word_1_93' title='bbox 542 1483 611 1538; x_wconf 88' lang='lat' dir='ltr'>tum</span> <span class='ocrx_word' id='word_1_94' title='bbox 635 1473 780 1552; x_wconf 89' lang='lat' dir='ltr'>demum,</span> <span class='ocrx_word' id='word_1_95' title='bbox 811 1497 883 1540; x_wconf 88' lang='lat' dir='ltr'>cum</span> <span class='ocrx_word' id='word_1_96' title='bbox 906 1475 974 1559; x_wconf 83' lang='lat' dir='ltr'>jum</span> <span class='ocrx_word' id='word_1_97' title='bbox 997 1474 1051 1538; x_wconf 90' lang='lat' dir='ltr'>diu</span> <span class='ocrx_word' id='word_1_98' title='bbox 1079 1486 1113 1540; x_wconf 93' lang='lat' dir='ltr'>et</span> <span class='ocrx_word' id='word_1_99' title='bbox 1141 1476 1307 1554; x_wconf 88' lang='lat' dir='ltr'>amultis,</span> <span class='ocrx_word' id='word_1_100' title='bbox 1338 1495 1416 1558; x_wconf 84' lang='lat' dir='ltr'>quarn</span> 
     </span>
     <span class='ocr_line' id='line_1_11' title="bbox 275 1582 1416 1671; baseline -0.004 -21"><span class='ocrx_word' id='word_1_101' title='bbox 275 1595 415 1671; x_wconf 89' lang='lat' dir='ltr'>spectat,</span> <span class='ocrx_word' id='word_1_102' title='bbox 438 1585 547 1670; x_wconf 90' lang='lat' dir='ltr'>opinio</span> <span class='ocrx_word' id='word_1_103' title='bbox 571 1586 688 1670; x_wconf 87' lang='lat' dir='ltr'>agitata</span> <span class='ocrx_word' id='word_1_104' title='bbox 709 1595 771 1664; x_wconf 84' lang='lat' dir='ltr'>est,</span> <span class='ocrx_word' id='word_1_105' title='bbox 795 1607 844 1650; x_wconf 87' lang='lat' dir='ltr'>cx.</span> <span class='ocrx_word' id='word_1_106' title='bbox 868 1607 913 1670; x_wconf 85' lang='lat' dir='ltr'>gr.</span> <span class='ocrx_word' id='word_1_107' title='bbox 937 1585 1014 1650; x_wconf 82' lang='lat' dir='ltr'>Eth.</span> <span class='ocrx_word' id='word_1_108' title='bbox 1038 1587 1173 1652; x_wconf 83' lang='lat' dir='ltr'>Eodem.</span> <span class='ocrx_word' id='word_1_109' title='bbox 1197 1587 1221 1652; x_wconf 92' lang='lat' dir='ltr'>l.</span> <span class='ocrx_word' id='word_1_110' title='bbox 1246 1582 1277 1656; x_wconf 83' lang='grc'>8.</span> <span class='ocrx_word' id='word_1_111' title='bbox 1301 1587 1338 1651; x_wconf 91' lang='lat' dir='ltr'>de</span> <span class='ocrx_word' id='word_1_112' title='bbox 1357 1585 1416 1648; x_wconf 87' lang='lat' dir='ltr'>idea</span> 
     </span>
     <span class='ocr_line' id='line_1_12' title="bbox 274 1679 1416 1782; baseline -0.004 -19"><span class='ocrx_word' id='word_1_113' title='bbox 274 1697 434 1764; x_wconf 77' lang='lat' dir='ltr'>Platonis:</span> <span class='ocrx_word' id='word_1_114' title='bbox 465 1696 639 1762; x_wconf 79' lang='grc' dir='ltr'>ἐπέσκεπται</span> <span class='ocrx_word' id='word_1_115' title='bbox 669 1695 700 1761; x_wconf 81' lang='lat' dir='ltr'>dl</span> <span class='ocrx_word' id='word_1_116' title='bbox 731 1701 849 1776; x_wconf 68' lang='grc' dir='ltr'>πολλοῖς</span> <span class='ocrx_word' id='word_1_117' title='bbox 877 1693 942 1782; x_wconf 86' lang='grc' dir='ltr'>περ1</span> <span class='ocrx_word' id='word_1_118' title='bbox 973 1691 1076 1763; x_wconf 69' lang='grc' dir='ltr'>αὐτοῦ·</span> <span class='ocrx_word' id='word_1_119' title='bbox 1091 1694 1209 1781; x_wconf 76' lang='grc' dir='ltr'>τρόποις</span> <span class='ocrx_word' id='word_1_120' title='bbox 1242 1694 1291 1764; x_wconf 75' lang='grc' dir='ltr'>καὶ</span> <span class='ocrx_word' id='word_1_121' title='bbox 1319 1699 1343 1762; x_wconf 77' lang='grc' dir='ltr'>ἓν</span> <span class='ocrx_word' id='word_1_122' title='bbox 1361 1679 1416 1771; x_wconf 75' lang='grc' dir='ltr'>τοῖς</span> 
     </span>
     <span class='ocr_line' id='line_1_13' title="bbox 277 1803 1417 1896; baseline -0.005 -22"><span class='ocrx_word' id='word_1_123' title='bbox 277 1811 452 1896; x_wconf 70' lang='grc' dir='ltr'>ἐξωτερικοῖς</span> <span class='ocrx_word' id='word_1_124' title='bbox 480 1803 574 1894; x_wconf 77' lang='grc' dir='ltr'>λέγοις</span> <span class='ocrx_word' id='word_1_125' title='bbox 602 1803 651 1873; x_wconf 75' lang='grc' dir='ltr'>καὶ</span> <span class='ocrx_word' id='word_1_126' title='bbox 681 1809 706 1873; x_wconf 82' lang='grc' dir='ltr'>έν</span> <span class='ocrx_word' id='word_1_127' title='bbox 736 1813 795 1888; x_wconf 76' lang='grc' dir='ltr'>τοῖς</span> <span class='ocrx_word' id='word_1_128' title='bbox 822 1803 899 1874; x_wconf 70' lang='lat' dir='ltr'>aurel</span> <span class='ocrx_word' id='word_1_129' title='bbox 933 1809 1118 1894; x_wconf 83' lang='grc' dir='ltr'>φιλοσοφίαν.</span> <span class='ocrx_word' id='word_1_130' title='bbox 1164 1812 1338 1877; x_wconf 82' lang='lat' dir='ltr'>Nobiscum</span> <span class='ocrx_word' id='word_1_131' title='bbox 1363 1815 1417 1872; x_wconf 82' lang='lat' dir='ltr'>atat</span> 
     </span>
     <span class='ocr_line' id='line_1_14' title="bbox 274 1921 1416 2010; baseline -0.005 -22"><span class='ocrx_word' id='word_1_132' title='bbox 274 1923 392 1989; x_wconf 85' lang='lat' dir='ltr'>Zellius</span> <span class='ocrx_word' id='word_1_133' title='bbox 416 1923 471 2001; x_wconf 87' lang='lat' dir='ltr'>(ad</span> <span class='ocrx_word' id='word_1_134' title='bbox 483 1921 579 1987; x_wconf 84' lang='lat' dir='ltr'>Arist.</span> <span class='ocrx_word' id='word_1_135' title='bbox 603 1922 679 1986; x_wconf 83' lang='lat' dir='ltr'>Eth.</span> <span class='ocrx_word' id='word_1_136' title='bbox 703 1921 774 1987; x_wconf 88' lang='lat' dir='ltr'>Nic.</span> <span class='ocrx_word' id='word_1_137' title='bbox 798 1922 821 2001; x_wconf 92' lang='lat' dir='ltr'>l,</span> <span class='ocrx_word' id='word_1_138' title='bbox 845 1945 872 1988; x_wconf 91' lang='lat' dir='ltr'>c.</span> <span class='ocrx_word' id='word_1_139' title='bbox 893 1923 942 2002; x_wconf 90' lang='grc'>13,</span> <span class='ocrx_word' id='word_1_140' title='bbox 967 1925 995 2007; x_wconf 62' lang='grc' dir='ltr'>ᾧ.</span> <span class='ocrx_word' id='word_1_141' title='bbox 1014 1922 1062 2002; x_wconf 87' lang='grc'>9),</span> <span class='ocrx_word' id='word_1_142' title='bbox 1087 1924 1150 2009; x_wconf 88' lang='lat' dir='ltr'>qui,</span> <span class='ocrx_word' id='word_1_143' title='bbox 1175 1925 1334 2010; x_wconf 83' lang='lat' dir='ltr'>explicans</span> <span class='ocrx_word' id='word_1_144' title='bbox 1356 1921 1416 2003; x_wconf 75' lang='grc' dir='ltr'>ἔξω·</span> 
     </span>
     <span class='ocr_line' id='line_1_15' title="bbox 275 2027 1415 2121; baseline -0.005 -20"><span class='ocrx_word' id='word_1_145' title='bbox 275 2028 401 2119; x_wconf 70' lang='grc' dir='ltr'>τερικοῦς</span> <span class='ocrx_word' id='word_1_146' title='bbox 423 2027 523 2120; x_wconf 63' lang='grc' dir='ltr'>λόγους</span> <span class='ocrx_word' id='word_1_147' title='bbox 545 2044 582 2098; x_wconf 92' lang='lat' dir='ltr'>ut</span> <span class='ocrx_word' id='word_1_148' title='bbox 596 2033 743 2115; x_wconf 70' lang='lat' dir='ltr'>,Zeidler,</span> <span class='ocrx_word' id='word_1_149' title='bbox 766 2035 872 2103; x_wconf 83' lang='lat' dir='ltr'>addit:</span> <span class='ocrx_word' id='word_1_150' title='bbox 905 2035 1092 2121; x_wconf 74' lang='lat' dir='ltr'>„Quidquid</span> <span class='ocrx_word' id='word_1_151' title='bbox 1115 2036 1202 2100; x_wconf 87' lang='lat' dir='ltr'>enim</span> <span class='ocrx_word' id='word_1_152' title='bbox 1221 2038 1262 2101; x_wconf 87' lang='lat' dir='ltr'>de</span> <span class='ocrx_word' id='word_1_153' title='bbox 1282 2035 1332 2099; x_wconf 82' lang='lat' dir='ltr'>illa</span> <span class='ocrx_word' id='word_1_154' title='bbox 1348 2032 1415 2098; x_wconf 85' lang='lat' dir='ltr'>divi-</span> 
     </span>
     <span class='ocr_line' id='line_1_16' title="bbox 276 2145 1415 2228; baseline -0.004 -16"><span class='ocrx_word' id='word_1_155' title='bbox 276 2149 366 2228; x_wconf 76' lang='lat' dir='ltr'>sione</span> <span class='ocrx_word' id='word_1_156' title='bbox 388 2147 662 2212; x_wconf 80' lang='lat' dir='ltr'>Aristotelicorum</span> <span class='ocrx_word' id='word_1_157' title='bbox 683 2147 835 2212; x_wconf 90' lang='lat' dir='ltr'>librorum</span> <span class='ocrx_word' id='word_1_158' title='bbox 858 2157 1031 2226; x_wconf 86' lang='lat' dir='ltr'>statuatur,</span> <span class='ocrx_word' id='word_1_159' title='bbox 1056 2147 1119 2213; x_wconf 93' lang='lat' dir='ltr'>hoc</span> <span class='ocrx_word' id='word_1_160' title='bbox 1142 2147 1297 2214; x_wconf 83' lang='lat' dir='ltr'>affirmare</span> <span class='ocrx_word' id='word_1_161' title='bbox 1320 2145 1415 2220; x_wconf 82' lang='lat' dir='ltr'>ausim,</span> 
     </span>
     <span class='ocr_line' id='line_1_17' title="bbox 276 2251 1416 2346; baseline -0.005 -22"><span class='ocrx_word' id='word_1_162' title='bbox 276 2262 525 2346; x_wconf 86' lang='lat' dir='ltr'>quotiescunque</span> <span class='ocrx_word' id='word_1_163' title='bbox 556 2251 736 2344; x_wconf 66' lang='grc' dir='ltr'>ἐξωτερικαὶς</span> <span class='ocrx_word' id='word_1_164' title='bbox 765 2252 866 2343; x_wconf 76' lang='grc' dir='ltr'>λόγους</span> <span class='ocrx_word' id='word_1_165' title='bbox 896 2259 1055 2338; x_wconf 88' lang='lat' dir='ltr'>nominet,</span> <span class='ocrx_word' id='word_1_166' title='bbox 1091 2263 1258 2327; x_wconf 90' lang='lat' dir='ltr'>commode</span> <span class='ocrx_word' id='word_1_167' title='bbox 1288 2255 1416 2324; x_wconf 88' lang='lat' dir='ltr'>omnihus</span> 
     </span>
     <span class='ocr_line' id='line_1_18' title="bbox 273 2370 1416 2457; baseline -0.007 -20"><span class='ocrx_word' id='word_1_168' title='bbox 273 2373 352 2439; x_wconf 89' lang='lat' dir='ltr'>locis</span> <span class='ocrx_word' id='word_1_169' title='bbox 376 2373 421 2438; x_wconf 91' lang='lat' dir='ltr'>sic</span> <span class='ocrx_word' id='word_1_170' title='bbox 443 2371 543 2457; x_wconf 83' lang='lat' dir='ltr'>accipi</span> <span class='ocrx_word' id='word_1_171' title='bbox 565 2393 678 2456; x_wconf 89' lang='lat' dir='ltr'>posse,</span> <span class='ocrx_word' id='word_1_172' title='bbox 708 2381 747 2435; x_wconf 92' lang='lat' dir='ltr'>ut</span> <span class='ocrx_word' id='word_1_173' title='bbox 767 2371 864 2436; x_wconf 94' lang='lat' dir='ltr'>modo</span> <span class='ocrx_word' id='word_1_174' title='bbox 886 2372 1012 2456; x_wconf 84' lang='lat' dir='ltr'>accepi3</span> <span class='ocrx_word' id='word_1_175' title='bbox 1042 2375 1213 2440; x_wconf 85' lang='lat' dir='ltr'>nonnullos</span> <span class='ocrx_word' id='word_1_176' title='bbox 1244 2395 1317 2439; x_wconf 89' lang='lat' dir='ltr'>vero</span> <span class='ocrx_word' id='word_1_177' title='bbox 1339 2370 1416 2436; x_wconf 87' lang='lat' dir='ltr'>alian</span> 
     </span>
     <span class='ocr_line' id='line_1_19' title="bbox 273 2481 1415 2572; baseline -0.005 -20"><span class='ocrx_word' id='word_1_178' title='bbox 273 2497 399 2572; x_wconf 87' lang='lat' dir='ltr'>praeter</span> <span class='ocrx_word' id='word_1_179' title='bbox 420 2486 504 2551; x_wconf 91' lang='lat' dir='ltr'>hanc</span> <span class='ocrx_word' id='word_1_180' title='bbox 526 2485 773 2570; x_wconf 80' lang='lat' dir='ltr'>explicationem</span> <span class='ocrx_word' id='word_1_181' title='bbox 790 2485 885 2569; x_wconf 89' lang='lat' dir='ltr'>plane</span> <span class='ocrx_word' id='word_1_182' title='bbox 908 2507 972 2548; x_wconf 94' lang='lat' dir='ltr'>non</span> <span class='ocrx_word' id='word_1_183' title='bbox 995 2485 1094 2564; x_wconf 85' lang='lat' dir='ltr'>ferre,</span> <span class='ocrx_word' id='word_1_184' title='bbox 1117 2495 1154 2550; x_wconf 89' lang='lat' dir='ltr'>ut</span> <span class='ocrx_word' id='word_1_185' title='bbox 1175 2485 1273 2571; x_wconf 87' lang='lat' dir='ltr'><strong>Phys.</strong></span> <span class='ocrx_word' id='word_1_186' title='bbox 1296 2485 1345 2562; x_wconf 90' lang='lat' dir='ltr'>lV,</span> <span class='ocrx_word' id='word_1_187' title='bbox 1368 2481 1415 2548; x_wconf 81' lang='lat' dir='ltr'>ll:</span> 
     </span>
     <span class='ocr_line' id='line_1_20' title="bbox 209 2588 1416 2686; baseline -0.004 -24"><span class='ocrx_word' id='word_1_188' title='bbox 209 2615 211 2624; x_wconf 88' lang='grc'><strong>’</strong></span> <span class='ocrx_word' id='word_1_189' title='bbox 275 2593 406 2686; x_wconf 76' lang='grc' dir='ltr'>ἐχόμενον</span> <span class='ocrx_word' id='word_1_190' title='bbox 439 2597 470 2662; x_wconf 71' lang='lat' dir='ltr'>dl</span> <span class='ocrx_word' id='word_1_191' title='bbox 499 2596 553 2664; x_wconf 71' lang='grc' dir='ltr'>τῶν</span> <span class='ocrx_word' id='word_1_192' title='bbox 583 2596 728 2683; x_wconf 76' lang='grc' dir='ltr'>εἰρημένων</span> <span class='ocrx_word' id='word_1_193' title='bbox 762 2592 824 2660; x_wconf 77' lang='grc' dir='ltr'>ἐστὶ</span> <span class='ocrx_word' id='word_1_194' title='bbox 852 2592 917 2679; x_wconf 77' lang='grc' dir='ltr'>περὶ</span> <span class='ocrx_word' id='word_1_195' title='bbox 943 2591 1051 2679; x_wconf 66' lang='grc' dir='ltr'>χρόνον]</span> <span class='ocrx_word' id='word_1_196' title='bbox 1086 2597 1228 2664; x_wconf 61' lang='grc' dir='ltr'>ἔπελθεῒν.</span> <span class='ocrx_word' id='word_1_197' title='bbox 1260 2594 1365 2680; x_wconf 75' lang='grc' dir='ltr'>πρῶτον</span> <span class='ocrx_word' id='word_1_198' title='bbox 1391 2588 1416 2653; x_wconf 77' lang='lat' dir='ltr'>dl</span> 
     </span>
     <span class='ocr_line' id='line_1_21' title="bbox 273 2700 1417 2793; baseline -0.009 -19"><span class='ocrx_word' id='word_1_199' title='bbox 273 2709 368 2788; x_wconf 79' lang='grc' dir='ltr'>καλῶς</span> <span class='ocrx_word' id='word_1_200' title='bbox 391 2705 452 2791; x_wconf 79' lang='grc' dir='ltr'>ἔχει</span> <span class='ocrx_word' id='word_1_201' title='bbox 475 2706 712 2792; x_wconf 73' lang='grc' dir='ltr'>διαπορῆσαι</span> <span class='ocrx_word' id='word_1_202' title='bbox 741 2703 807 2789; x_wconf 79' lang='grc' dir='ltr'>περὶ</span> <span class='ocrx_word' id='word_1_203' title='bbox 829 2701 918 2772; x_wconf 78' lang='grc' dir='ltr'>αὐτοῦ</span> <span class='ocrx_word' id='word_1_204' title='bbox 940 2704 989 2772; x_wconf 77' lang='grc' dir='ltr'>καὶ</span> <span class='ocrx_word' id='word_1_205' title='bbox 1018 2702 1086 2773; x_wconf 79' lang='lat' dir='ltr'>dccl-</span> <span class='ocrx_word' id='word_1_206' title='bbox 1111 2707 1177 2776; x_wconf 73' lang='grc' dir='ltr'>τῶν</span> <span class='ocrx_word' id='word_1_207' title='bbox 1208 2700 1417 2793; x_wconf 75' lang='grc' dir='ltr'>ἐξωτερικῶν</span> 
     </span>
     <span class='ocr_line' id='line_1_22' title="bbox 273 2801 1416 2906; baseline -0.006 -20"><span class='ocrx_word' id='word_1_208' title='bbox 273 2816 404 2904; x_wconf 73' lang='grc' dir='ltr'>λέγων,</span> <span class='ocrx_word' id='word_1_209' title='bbox 432 2813 552 2901; x_wconf 77' lang='grc' dir='ltr'>πότερον</span> <span class='ocrx_word' id='word_1_210' title='bbox 576 2817 628 2883; x_wconf 80' lang='grc' dir='ltr'>τῶν</span> <span class='ocrx_word' id='word_1_211' title='bbox 652 2801 734 2882; x_wconf 55' lang='grc' dir='ltr'>ὄντων</span> <span class='ocrx_word' id='word_1_212' title='bbox 758 2813 833 2882; x_wconf 67' lang='lat' dir='ltr'>dcclv</span> <span class='ocrx_word' id='word_1_213' title='bbox 854 2809 874 2904; x_wconf 76' lang='grc' dir='ltr'>ἢ</span> <span class='ocrx_word' id='word_1_214' title='bbox 895 2817 950 2884; x_wconf 77' lang='grc' dir='ltr'>τῶν</span> <span class='ocrx_word' id='word_1_215' title='bbox 972 2813 1012 2905; x_wconf 72' lang='grc' dir='ltr'>μὴ</span> <span class='ocrx_word' id='word_1_216' title='bbox 1037 2804 1135 2898; x_wconf 64' lang='grc' dir='ltr'>ὅντων,</span> <span class='ocrx_word' id='word_1_217' title='bbox 1167 2845 1249 2906; x_wconf 81' lang='lat' dir='ltr'>quos</span> <span class='ocrx_word' id='word_1_218' title='bbox 1271 2835 1416 2886; x_wconf 77' lang='lat' dir='ltr'>sermones</span> 
     </span>
     <span class='ocr_line' id='line_1_23' title="bbox 273 2927 1416 3019; baseline -0.007 -21"><span class='ocrx_word' id='word_1_219' title='bbox 273 2953 411 3018; x_wconf 85' lang='lat' dir='ltr'>semper,</span> <span class='ocrx_word' id='word_1_220' title='bbox 428 2931 612 3016; x_wconf 89' lang='lat' dir='ltr'>priusquam</span> <span class='ocrx_word' id='word_1_221' title='bbox 625 2951 701 2994; x_wconf 85' lang='lat' dir='ltr'>suas</span> <span class='ocrx_word' id='word_1_222' title='bbox 717 2931 857 2995; x_wconf 90' lang='lat' dir='ltr'>rationes</span> <span class='ocrx_word' id='word_1_223' title='bbox 874 2931 906 2995; x_wconf 91' lang='lat' dir='ltr'>in</span> <span class='ocrx_word' id='word_1_224' title='bbox 924 2932 1115 3016; x_wconf 89' lang='lat' dir='ltr'>disputando</span> <span class='ocrx_word' id='word_1_225' title='bbox 1126 2944 1296 3019; x_wconf 83' lang='lat' dir='ltr'>proponat,</span> <span class='ocrx_word' id='word_1_226' title='bbox 1313 2927 1416 3013; x_wconf 89' lang='lat' dir='ltr'>disqui-</span> 
     </span>
     <span class='ocr_line' id='line_1_24' title="bbox 273 3036 1417 3131; baseline -0.008 -20"><span class='ocrx_word' id='word_1_227' title='bbox 273 3067 341 3111; x_wconf 82' lang='lat' dir='ltr'>rere</span> <span class='ocrx_word' id='word_1_228' title='bbox 360 3047 466 3110; x_wconf 88' lang='lat' dir='ltr'>solet“</span> <span class='ocrx_word' id='word_1_229' title='bbox 480 3042 568 3124; x_wconf 82' lang='lat' dir='ltr'>(vide</span> <span class='ocrx_word' id='word_1_230' title='bbox 582 3041 653 3106; x_wconf 79' lang='lat' dir='ltr'>infr.</span> <span class='ocrx_word' id='word_1_231' title='bbox 677 3043 717 3106; x_wconf 89' lang='lat' dir='ltr'>ad</span> <span class='ocrx_word' id='word_1_232' title='bbox 737 3065 765 3107; x_wconf 91' lang='lat' dir='ltr'>e.</span> <span class='ocrx_word' id='word_1_233' title='bbox 778 3042 810 3120; x_wconf 88' lang='grc'>8,</span> <span class='ocrx_word' id='word_1_234' title='bbox 825 3045 864 3127; x_wconf 54' lang='grc' dir='ltr'>ᾧ.</span> <span class='ocrx_word' id='word_1_235' title='bbox 881 3045 927 3122; x_wconf 92' lang='grc'><strong>1).</strong></span> <span class='ocrx_word' id='word_1_236' title='bbox 958 3045 1079 3109; x_wconf 80' lang='lat' dir='ltr'>Exstat</span> <span class='ocrx_word' id='word_1_237' title='bbox 1102 3045 1239 3131; x_wconf 88' lang='lat' dir='ltr'>denique</span> <span class='ocrx_word' id='word_1_238' title='bbox 1257 3047 1352 3120; x_wconf 85' lang='lat' dir='ltr'>locus,</span> <span class='ocrx_word' id='word_1_239' title='bbox 1371 3036 1417 3102; x_wconf 91' lang='lat' dir='ltr'>ubi</span> 
     </span>
     <span class='ocr_line' id='line_1_25' title="bbox 235 3149 1503 3256; baseline -0.011 -33"><span class='ocrx_word' id='word_1_240' title='bbox 235 3191 237 3196; x_wconf 96' lang='lat'>·</span> <span class='ocrx_word' id='word_1_241' title='bbox 271 3179 402 3244; x_wconf 87' lang='lat' dir='ltr'>prorsus</span> <span class='ocrx_word' id='word_1_242' title='bbox 432 3155 597 3220; x_wconf 87' lang='lat' dir='ltr'>ridiculum</span> <span class='ocrx_word' id='word_1_243' title='bbox 632 3163 734 3232; x_wconf 88' lang='lat' dir='ltr'>esset,</span> <span class='ocrx_word' id='word_1_244' title='bbox 765 3155 792 3218; x_wconf 89' lang='lat' dir='ltr'>si</span> <span class='ocrx_word' id='word_1_245' title='bbox 819 3149 899 3240; x_wconf 76' lang='grc' dir='ltr'>λέγοι</span> <span class='ocrx_word' id='word_1_246' title='bbox 930 3155 1093 3240; x_wconf 78' lang='grc' dir='ltr'>ἐξωτερικοί</span> <span class='ocrx_word' id='word_1_247' title='bbox 1112 3157 1314 3242; x_wconf 74' lang='lat' dir='ltr'>designarent</span> <span class='ocrx_word' id='word_1_248' title='bbox 1341 3154 1416 3237; x_wconf 88' lang='lat' dir='ltr'>ipsos</span> <span class='ocrx_word' id='word_1_249' title='bbox 1502 3189 1503 3256; x_wconf 61' lang='grc' dir='ltr'>γ</span> 
     </span>
     <span class='ocr_line' id='line_1_26' title="bbox 273 3261 1417 3356; baseline -0.008 -23"><span class='ocrx_word' id='word_1_250' title='bbox 273 3271 428 3356; x_wconf 86' lang='lat' dir='ltr'>quosdam</span> <span class='ocrx_word' id='word_1_251' title='bbox 450 3265 632 3331; x_wconf 87' lang='lat' dir='ltr'>Aristotelis</span> <span class='ocrx_word' id='word_1_252' title='bbox 654 3264 766 3346; x_wconf 83' lang='lat' dir='ltr'>libros3</span> <span class='ocrx_word' id='word_1_253' title='bbox 797 3267 941 3352; x_wconf 85' lang='lat' dir='ltr'>Metaph.</span> <span class='ocrx_word' id='word_1_254' title='bbox 962 3269 1052 3348; x_wconf 90' lang='grc' dir='ltr'>ΧΠΙ,</span> <span class='ocrx_word' id='word_1_255' title='bbox 1077 3269 1092 3336; x_wconf 94' lang='grc'><strong>1</strong></span> <span class='ocrx_word' id='word_1_256' title='bbox 1120 3269 1206 3334; x_wconf 90' lang='lat' dir='ltr'>enim</span> <span class='ocrx_word' id='word_1_257' title='bbox 1229 3271 1269 3335; x_wconf 87' lang='lat' dir='ltr'>de</span> <span class='ocrx_word' id='word_1_258' title='bbox 1290 3261 1417 3334; x_wconf 90' lang='lat' dir='ltr'>Platoni-</span> 
     </span>
     <span class='ocr_line' id='line_1_27' title="bbox 272 3364 1416 3466; baseline -0.01 -18"><span class='ocrx_word' id='word_1_259' title='bbox 272 3400 382 3448; x_wconf 83' lang='lat' dir='ltr'>corum</span> <span class='ocrx_word' id='word_1_260' title='bbox 404 3378 485 3444; x_wconf 92' lang='lat' dir='ltr'>ideis</span> <span class='ocrx_word' id='word_1_261' title='bbox 508 3379 585 3446; x_wconf 86' lang='lat' dir='ltr'>dicit</span> <span class='ocrx_word' id='word_1_262' title='bbox 606 3378 813 3444; x_wconf 74' lang='lat' dir='ltr'>Aristotelesc</span> <span class='ocrx_word' id='word_1_263' title='bbox 843 3374 1102 3466; x_wconf 66' lang='grc' dir='ltr'>τεθρύλληται</span> <span class='ocrx_word' id='word_1_264' title='bbox 1123 3375 1163 3445; x_wconf 80' lang='grc' dir='ltr'>ταὶ</span> <span class='ocrx_word' id='word_1_265' title='bbox 1184 3375 1283 3448; x_wconf 78' lang='grc' dir='ltr'>πολλοὶ</span> <span class='ocrx_word' id='word_1_266' title='bbox 1304 3373 1349 3445; x_wconf 79' lang='grc' dir='ltr'>καὶ</span> <span class='ocrx_word' id='word_1_267' title='bbox 1368 3364 1416 3439; x_wconf 72' lang='grc' dir='ltr'>ὑπὸ</span> 
     </span>
     <span class='ocr_line' id='line_1_28' title="bbox 272 3484 1417 3578; baseline -0.008 -18"><span class='ocrx_word' id='word_1_268' title='bbox 272 3492 328 3560; x_wconf 76' lang='grc' dir='ltr'>τῶν</span> <span class='ocrx_word' id='word_1_269' title='bbox 350 3487 518 3578; x_wconf 73' lang='grc' dir='ltr'>ἐξωτερικῶν</span> <span class='ocrx_word' id='word_1_270' title='bbox 541 3484 641 3576; x_wconf 79' lang='grc' dir='ltr'>λόγων.</span> <span class='ocrx_word' id='word_1_271' title='bbox 678 3493 744 3556; x_wconf 89' lang='lat' dir='ltr'>Res</span> <span class='ocrx_word' id='word_1_272' title='bbox 760 3493 944 3559; x_wconf 86' lang='lat' dir='ltr'>decantatas</span> <span class='ocrx_word' id='word_1_273' title='bbox 967 3503 1053 3559; x_wconf 89' lang='lat' dir='ltr'>certe</span> <span class='ocrx_word' id='word_1_274' title='bbox 1076 3515 1152 3558; x_wconf 88' lang='lat' dir='ltr'>suos</span> <span class='ocrx_word' id='word_1_275' title='bbox 1175 3491 1273 3560; x_wconf 88' lang='lat' dir='ltr'>libros</span> <span class='ocrx_word' id='word_1_276' title='bbox 1284 3491 1417 3559; x_wconf 89' lang='lat' dir='ltr'>Philoso-</span> 
     </span>
     <span class='ocr_line' id='line_1_29' title="bbox 271 3597 1416 3695; baseline -0.004 -22"><span class='ocrx_word' id='word_1_277' title='bbox 271 3610 353 3695; x_wconf 86' lang='lat' dir='ltr'>phua</span> <span class='ocrx_word' id='word_1_278' title='bbox 375 3629 441 3672; x_wconf 89' lang='lat' dir='ltr'>non</span> <span class='ocrx_word' id='word_1_279' title='bbox 464 3605 634 3671; x_wconf 84' lang='lat' dir='ltr'>vocaverit.</span> <span class='ocrx_word' id='word_1_280' title='bbox 669 3603 742 3668; x_wconf 86' lang='lat' dir='ltr'>Jam</span> <span class='ocrx_word' id='word_1_281' title='bbox 766 3627 847 3691; x_wconf 88' lang='lat' dir='ltr'>quae</span> <span class='ocrx_word' id='word_1_282' title='bbox 870 3606 910 3670; x_wconf 90' lang='lat' dir='ltr'>de</span> <span class='ocrx_word' id='word_1_283' title='bbox 933 3603 1086 3690; x_wconf 77' lang='grc' dir='ltr'>ἔγνοκλίοις</span> <span class='ocrx_word' id='word_1_284' title='bbox 1101 3605 1282 3672; x_wconf 84' lang='lat' dir='ltr'>Aristotelis</span> <span class='ocrx_word' id='word_1_285' title='bbox 1305 3597 1416 3684; x_wconf 75' lang='lat' dir='ltr'>scriptis</span> 
     </span>
     <span class='ocr_line' id='line_1_30' title="bbox 271 3714 1416 3805; baseline -0.011 -19"><span class='ocrx_word' id='word_1_286' title='bbox 271 3723 434 3805; x_wconf 85' lang='lat' dir='ltr'>Diogenes</span> <span class='ocrx_word' id='word_1_287' title='bbox 460 3717 608 3784; x_wconf 75' lang='lat' dir='ltr'>Laertius</span> <span class='ocrx_word' id='word_1_288' title='bbox 633 3718 688 3796; x_wconf 88' lang='lat' dir='ltr'>(V,</span> <span class='ocrx_word' id='word_1_289' title='bbox 713 3717 741 3801; x_wconf 61' lang='lat' dir='ltr'>d.</span> <span class='ocrx_word' id='word_1_290' title='bbox 765 3717 825 3797; x_wconf 75' lang='lat'>26)</span> <span class='ocrx_word' id='word_1_291' title='bbox 849 3718 961 3798; x_wconf 83' lang='lat' dir='ltr'>affert,·</span> <span class='ocrx_word' id='word_1_292' title='bbox 987 3739 1026 3783; x_wconf 90' lang='lat' dir='ltr'>ex</span> <span class='ocrx_word' id='word_1_293' title='bbox 1047 3719 1126 3783; x_wconf 86' lang='lat' dir='ltr'>falsa</span> <span class='ocrx_word' id='word_1_294' title='bbox 1146 3719 1199 3783; x_wconf 92' lang='lat' dir='ltr'>illa</span> <span class='ocrx_word' id='word_1_295' title='bbox 1222 3714 1416 3802; x_wconf 84' lang='lat' dir='ltr'>explicatione</span> 
     </span>
     <span class='ocr_line' id='line_1_31' title="bbox 272 3820 1415 3915; baseline -0.001 -18"><span class='ocrx_word' id='word_1_296' title='bbox 272 3833 409 3897; x_wconf 91' lang='lat' dir='ltr'>deducta</span> <span class='ocrx_word' id='word_1_297' title='bbox 432 3839 465 3894; x_wconf 93' lang='lat' dir='ltr'>et</span> <span class='ocrx_word' id='word_1_298' title='bbox 487 3831 624 3896; x_wconf 89' lang='lat' dir='ltr'>conficta</span> <span class='ocrx_word' id='word_1_299' title='bbox 640 3851 712 3894; x_wconf 88' lang='lat' dir='ltr'>esse</span> <span class='ocrx_word' id='word_1_300' title='bbox 726 3829 890 3912; x_wconf 83' lang='lat' dir='ltr'>videntur3</span> <span class='ocrx_word' id='word_1_301' title='bbox 915 3836 986 3896; x_wconf 78' lang='lat' dir='ltr'>cu&#39;m</span> <span class='ocrx_word' id='word_1_302' title='bbox 1001 3829 1086 3896; x_wconf 90' lang='lat' dir='ltr'>enim</span> <span class='ocrx_word' id='word_1_303' title='bbox 1108 3831 1178 3915; x_wconf 90' lang='lat' dir='ltr'>ipse</span> <span class='ocrx_word' id='word_1_304' title='bbox 1197 3831 1307 3896; x_wconf 88' lang='lat' dir='ltr'>citaret</span> <span class='ocrx_word' id='word_1_305' title='bbox 1327 3820 1415 3908; x_wconf 69' lang='grc' dir='ltr'>λόγους</span> 
     </span>
     <span class='ocr_line' id='line_1_32' title="bbox 272 3940 1416 4030; baseline -0.008 -21"><span class='ocrx_word' id='word_1_306' title='bbox 272 3940 442 4030; x_wconf 78' lang='grc' dir='ltr'>ἐγκυκλίους,</span> <span class='ocrx_word' id='word_1_307' title='bbox 465 3941 576 4006; x_wconf 90' lang='lat' dir='ltr'>debuit</span> <span class='ocrx_word' id='word_1_308' title='bbox 598 3942 693 4006; x_wconf 89' lang='lat' dir='ltr'>etiam</span> <span class='ocrx_word' id='word_1_309' title='bbox 716 3942 779 4007; x_wconf 84' lang='lat' dir='ltr'>tale</span> <span class='ocrx_word' id='word_1_310' title='bbox 804 3943 955 4027; x_wconf 83' lang='lat' dir='ltr'>scriptum</span> <span class='ocrx_word' id='word_1_311' title='bbox 978 3944 1010 4006; x_wconf 92' lang='lat' dir='ltr'>in</span> <span class='ocrx_word' id='word_1_312' title='bbox 1028 3944 1161 4009; x_wconf 88' lang='lat' dir='ltr'>elencho</span> <span class='ocrx_word' id='word_1_313' title='bbox 1183 3943 1332 4007; x_wconf 87' lang='lat' dir='ltr'>librorum</span> <span class='ocrx_word' id='word_1_314' title='bbox 1349 3955 1416 4001; x_wconf 90' lang='lat' dir='ltr'>suo-</span> 
     </span>
     <span class='ocr_line' id='line_1_33' title="bbox 271 4039 1503 4140; baseline 0.003 -26"><span class='ocrx_word' id='word_1_315' title='bbox 271 4039 341 4114; x_wconf 78' lang='lat' dir='ltr'>rum</span> <span class='ocrx_word' id='word_1_316' title='bbox 364 4063 499 4117; x_wconf 80' lang='lat' dir='ltr'>exstare.</span> <span class='ocrx_word' id='word_1_317' title='bbox 542 4054 721 4118; x_wconf 84' lang='lat' dir='ltr'>Somniavit</span> <span class='ocrx_word' id='word_1_318' title='bbox 741 4056 934 4134; x_wconf 81' lang='lat' dir='ltr'>Eustretius,</span> <span class='ocrx_word' id='word_1_319' title='bbox 958 4056 1086 4120; x_wconf 89' lang='lat' dir='ltr'>nomine</span> <span class='ocrx_word' id='word_1_320' title='bbox 1109 4053 1258 4140; x_wconf 67' lang='grc' dir='ltr'>ἐγκυκλίων</span> <span class='ocrx_word' id='word_1_321' title='bbox 1282 4051 1415 4126; x_wconf 66' lang='lat' dir='ltr'>nundum</span> <span class='ocrx_word' id='word_1_322' title='bbox 1502 4047 1503 4050; x_wconf 28' lang='lat'>¹</span> 
     </span>
     <span class='ocr_line' id='line_1_34' title="bbox 271 4147 1416 4250; baseline -0.001 -25"><span class='ocrx_word' id='word_1_323' title='bbox 271 4163 419 4229; x_wconf 87' lang='lat' dir='ltr'>inductus</span> <span class='ocrx_word' id='word_1_324' title='bbox 426 4173 449 4244; x_wconf 86' lang='lat'>,&#39;</span> <span class='ocrx_word' id='word_1_325' title='bbox 467 4174 617 4249; x_wconf 85' lang='lat' dir='ltr'>poemata</span> <span class='ocrx_word' id='word_1_326' title='bbox 647 4168 800 4250; x_wconf 89' lang='lat' dir='ltr'>quaedam</span> <span class='ocrx_word' id='word_1_327' title='bbox 828 4167 1026 4233; x_wconf 78' lang='lat' dir='ltr'>Aristotelisa</span> <span class='ocrx_word' id='word_1_328' title='bbox 1049 4159 1138 4249; x_wconf 68' lang='lat' dir='ltr'>&#39;caol</span> <span class='ocrx_word' id='word_1_329' title='bbox 1166 4160 1213 4232; x_wconf 71' lang='grc' dir='ltr'>τὸν</span> <span class='ocrx_word' id='word_1_330' title='bbox 1237 4147 1416 4248; x_wconf 66' lang='lat' dir='ltr'>&#39;Apte-rocchi</span> 
     </span>
     <span class='ocr_line' id='line_1_35' title="bbox 273 4268 1415 4366; baseline -0.002 -28"><span class='ocrx_word' id='word_1_331' title='bbox 273 4269 327 4359; x_wconf 75' lang='grc' dir='ltr'>ἔπη</span> <span class='ocrx_word' id='word_1_332' title='bbox 350 4269 412 4342; x_wconf 65' lang='grc' dir='ltr'>τινα</span> <span class='ocrx_word' id='word_1_333' title='bbox 432 4275 580 4344; x_wconf 63' lang='grc' dir='ltr'>ἐκθέσθαι</span> <span class='ocrx_word' id='word_1_334' title='bbox 596 4275 725 4362; x_wconf 65' lang='grc' dir='ltr'>ἐπιτηδὲς</span> <span class='ocrx_word' id='word_1_335' title='bbox 747 4272 906 4342; x_wconf 70' lang='lat' dir='ltr'>&gt;carcirem</span> <span class='ocrx_word' id='word_1_336' title='bbox 929 4272 1053 4365; x_wconf 64' lang='grc' dir='ltr'>οἶριθμόν</span> <span class='ocrx_word' id='word_1_337' title='bbox 1075 4273 1289 4366; x_wconf 71' lang='grc' dir='ltr'>συμπονοῦμενα</span> <span class='ocrx_word' id='word_1_338' title='bbox 1303 4277 1328 4340; x_wconf 79' lang='grc' dir='ltr'>ἐν</span> <span class='ocrx_word' id='word_1_339' title='bbox 1343 4268 1415 4350; x_wconf 68' lang='grc' dir='ltr'>1τέρᾳ</span> 
     </span>
     <span class='ocr_line' id='line_1_36' title="bbox 272 4371 1503 4477; baseline -0.002 -25"><span class='ocrx_word' id='word_1_340' title='bbox 272 4382 322 4456; x_wconf 69' lang='grc' dir='ltr'>καὶ</span> <span class='ocrx_word' id='word_1_341' title='bbox 346 4387 429 4475; x_wconf 75' lang='grc' dir='ltr'>ἑτέρᾳ</span> <span class='ocrx_word' id='word_1_342' title='bbox 451 4387 536 4456; x_wconf 61' lang='grc' dir='ltr'>θέσει</span> <span class='ocrx_word' id='word_1_343' title='bbox 557 4382 607 4453; x_wconf 84' lang='grc' dir='ltr'>κα1</span> <span class='ocrx_word' id='word_1_344' title='bbox 628 4382 719 4474; x_wconf 70' lang='grc' dir='ltr'>τάξει,</span> <span class='ocrx_word' id='word_1_345' title='bbox 744 4376 779 4454; x_wconf 73' lang='lat' dir='ltr'>dv</span> <span class='ocrx_word' id='word_1_346' title='bbox 802 4383 911 4477; x_wconf 71' lang='grc' dir='ltr'>ἑκάστη</span> <span class='ocrx_word' id='word_1_347' title='bbox 934 4383 995 4454; x_wconf 74' lang='lat' dir='ltr'>aiud</span> <span class='ocrx_word' id='word_1_348' title='bbox 1017 4390 1070 4456; x_wconf 77' lang='grc' dir='ltr'>τοῧ</span> <span class='ocrx_word' id='word_1_349' title='bbox 1091 4385 1182 4457; x_wconf 65' lang='grc' dir='ltr'>αὐτοῦ</span> <span class='ocrx_word' id='word_1_350' title='bbox 1203 4413 1234 4454; x_wconf 83' lang='grc' dir='ltr'>τε</span> <span class='ocrx_word' id='word_1_351' title='bbox 1248 4373 1352 4474; x_wconf 68' lang='grc' dir='ltr'>ἤρχετο</span> <span class='ocrx_word' id='word_1_352' title='bbox 1372 4371 1415 4445; x_wconf 72' lang='lat' dir='ltr'>udi</span> <span class='ocrx_word' id='word_1_353' title='bbox 1502 4467 1503 4470; x_wconf 7' lang='grc' dir='ltr'><strong>Ἰ</strong></span> 
     </span>
     <span class='ocr_line' id='line_1_37' title="bbox 271 4490 1414 4588; baseline -0.003 -24"><span class='ocrx_word' id='word_1_354' title='bbox 271 4500 307 4580; x_wconf 80' lang='grc' dir='ltr'>εἰς</span> <span class='ocrx_word' id='word_1_355' title='bbox 330 4495 365 4565; x_wconf 79' lang='grc' dir='ltr'>τὸ</span> <span class='ocrx_word' id='word_1_356' title='bbox 389 4494 460 4566; x_wconf 70' lang='grc' dir='ltr'>αὐτὸ</span> <span class='ocrx_word' id='word_1_357' title='bbox 483 4499 634 4588; x_wconf 83' lang='grc' dir='ltr'>κατέληγε.</span> <span class='ocrx_word' id='word_1_358' title='bbox 682 4501 781 4569; x_wconf 73' lang='lat' dir='ltr'>Quod</span> <span class='ocrx_word' id='word_1_359' title='bbox 803 4513 883 4586; x_wconf 85' lang='lat' dir='ltr'>opu&#39;s</span> <span class='ocrx_word' id='word_1_360' title='bbox 906 4503 1088 4568; x_wconf 88' lang='lat' dir='ltr'>Aristotelis</span> <span class='ocrx_word' id='word_1_361' title='bbox 1116 4503 1276 4588; x_wconf 86' lang='lat' dir='ltr'>poeticum</span> <span class='ocrx_word' id='word_1_362' title='bbox 1289 4509 1330 4582; x_wconf 84' lang='lat' dir='ltr'>et</span> <span class='ocrx_word' id='word_1_363' title='bbox 1350 4490 1414 4560; x_wconf 79' lang='lat' dir='ltr'>Sti·</span> 
     </span>
    </p>
   </div>
   <div class='ocr_carea' id='block_1_3' title="bbox 0 0 1536 5036">
    <p class='ocr_par' dir='ltr' id='par_1_3' title="bbox 0 0 1536 5036">
     <span class='ocr_line' id='line_1_38' title="bbox 0 0 1536 5036; baseline 0 0"><span class='ocrx_word' id='word_1_364' title='bbox 0 0 1536 5036; x_wconf 95' lang='lat' dir='ltr'> </span> 
     </span>
    </p>
   </div>
  </div>
 </body>
</html>
