3064 5036
265 1746 578 1858 Praefatio
618 1743 907 1854 editionis
943 1744 1182 1884 prioris,

613 2049 814 2062 *—

234 2253 332 2339 (lum
355 2273 607 2340 commodiorem
629 2271 736 2340 locum
758 2295 824 2340 non
846 2273 993 2352 habeam,
1014 2295 1077 2359 quo
1094 2273 1133 2339 de
1148 2273 1295 2342 codicum

129 2410 277 2489 ratione,
308 2410 362 2495 qui
390 2409 492 2474 textui
520 2390 748 2476 conformando
782 2411 1081 2496 commentariisque
1108 2412 1294 2480 illustrando

130 2533 332 2611 servierunt,
360 2553 534 2616 exponam,
560 2533 806 2618 descriptionem
836 2555 958 2614 corum,
986 2535 1238 2621 qualemcunque
1259 2547 1294 2601 et

129 2658 350 2741 undecunque
372 2657 464 2742 potui
486 2657 663 2735 collectam,
686 2657 737 2722 hic
762 2679 960 2743 proponam,
988 2659 1053 2746 jam
1082 2681 1147 2724 non
1177 2682 1292 2726 verens

129 2803 175 2846 ne
207 2801 278 2844 cam
308 2779 458 2845 Bekkero
483 2779 672 2864 praeripiam
703 2781 790 2859 (vide
817 2782 915 2866 praei.
944 2803 1048 2847 meam
1078 2784 1142 2848 vol.
1166 2783 1293 2870 prioris,

130 2927 167 2989 p.
199 2903 268 2984 lV),
300 2904 417 2990 quippe
447 2876 507 2990 qui
535 2903 692 2988 promissa
715 2911 780 2970 ‘sua
807 2925 873 2969 non
900 2905 946 2970 ita
973 2914 1096 2970 mature
1132 2907 1293 2972 soluturus

131 3049 208 3094 esse
229 3026 385 3091 videatur.

226 3149 312 3214 Octo
333 3147 494 3213 codicibus
517 3147 589 3212 loco
611 3147 740 3212 laudato
762 3149 919 3230 indicatis,
943 3153 1062 3218 scilicet
1084 3152 1185 3218 tribus
1208 3153 1291 3221 Wil-

130 3273 332 3338 kinsonianis
356 3271 421 3350 (El,
444 3271 518 3349 NO,
532 3271 657 3351 CCC),
681 3272 806 3338 duobus
827 3274 978 3339 Zellianis
1007 3277 1108 3354 (Par,
1130 3277 1230 3354 Vrat)
1258 3286 1293 3340 et

129 3398 237 3462 tribus
260 3395 339 3459 meis
366 3395 423 3474 (A,
446 3396 485 3472 Β,
509 3395 563 3473 C),
587 3388 667 3480 quos
697 3395 737 3459 ad
765 3404 889 3462 textum
917 3398 1174 3486 constituendum
1201 3399 1290 3464 adhi-

130 3521 211 3585 bere
232 3517 334 3602 potui,
358 3517 515 3582 accedunt
536 3517 604 3601 jam
628 3517 794 3584 Cardwelli
816 3529 849 3584 et
871 3521 1007 3586 Bekkeri
1035 3523 1179 3599 codices,
1209 3543 1291 3606 quo-

128 3665 205 3706 rum
234 3641 338 3705 variae
360 3639 534 3720 lectiones,
563 3663 753 3726 quamquam
786 3651 862 3726 post
890 3642 1010 3707 editum
1037 3666 1055 3706 a
1086 3665 1138 3706 me
1167 3651 1290 3707 textum

130 3763 212 3829 mihi
233 3764 450 3840 innotuerunt,
473 3763 701 3829 commentario
723 3773 832 3828 tamen
855 3786 995 3828 summae
1011 3766 1138 3830 memrot
1150 3765 1291 3831 utilitati.

131 3890 219 3954 Cum
243 3888 327 3950 inter
349 3908 406 3951 sex
427 3885 565 3952 Bekkcri
587 3885 713 3952 codices
737 3889 811 3968 (Hst,
825 3885 884 3966 Kb,
899 3883 956 3966 Lb,
972 3886 1035 3966 Mb,
1051 3885 1111 3968 Nl,
1128 3885 1191 3970 Ob)
1207 3910 1290 3951 unus

131 4008 211 4090 (11¹³)
242 4022 335 4073 meuc
362 4011 422 4094 (A)
449 4009 625 4094 reperiatur
650 4019 684 4074 et
706 4009 872 4076 Cardwelli
900 4031 1027 4095 quoque
1052 4010 1165 4075 unicus
1187 4012 1291 4076 codex

132 4132 402 4214 (Laurentianus)
423 4132 456 4196 in
471 4131 742 4198 Bekkerianorum
764 4131 898 4198 'numero
914 4142 1058 4199 occurrat
1073 4131 1161 4212 (Kb),
1183 4135 1289 4197 trede-

132 4257 197 4322 cim
226 4256 260 4320 in
288 4255 471 4322 univercum
501 4264 577 4330 sunt
605 4253 750 4336 codices,
783 4278 917 4343 quorum
946 4257 1117 4342 praecipua
1144 4255 1290 4322 lectionis

133 4379 272 4446 varietas
295 4379 383 4446 hisce
405 4379 437 4445 in
460 4383 696 4448 commentariis
718 4391 833 4448 exstat.
878 4383 962 4446 Sunt
985 4392 1088 4446 autem
1112 4381 1162 4420 Μ·
