3064 5036
512 349 585 404 nitu
605 351 625 404 1.
667 349 733 420 oap.
755 351 793 406 111
815 351 858 420 (1).
1217 345 1262 418 17

98 565 361 652 jurisconsultum
384 577 457 645 etcj
482 586 614 654 quorum
636 567 851 653 unusquisque
868 569 908 632 de
932 591 989 632 sua
1011 557 1134 632 tantuin
1159 569 1262 634 scien-

101 679 146 742 tia
176 677 263 742 bene
287 678 428 763 judicatu
457 679 707 770 ophilosopho,
737 680 790 765 qui
819 679 1002 764 simpliciter
1032 671 1151 764 (ἁπλῶς)
1180 680 1263 746 bene
1363 673 1365 680 Α

96 789 237 875 judicat3
272 790 492 875 philosophiae
514 791 600 856 enim
623 791 777 877 principia
805 792 964 858 sufficiunt
992 791 1033 856 ad
1054 813 1166 857 omnes
1189 793 1262 858 reli:

103 925 180 988 quas
213 901 363 967 scientias
393 903 618 988 dijudicandas.
670 903 857 987 Philosophi
890 925 967 968 vero
1003 925 1069 968 non
1098 905 1158 968 soli
1188 915 1263 970 sunt

103 1013 291 1097 simpliciter
313 1013 389 1078 boni
406 1014 540 1100 judices,
565 1015 621 1078 sed
643 1025 678 1079 et
696 1015 747 1080 alii
763 1015 906 1100 quidam3
931 1016 1015 1100 quod
1030 1025 1066 1080 ut
1080 1003 1262 1100 probemus

96 1128 165 1210 jam
197 1100 338 1209 pliorem
368 1125 607 1191 distinctionem
635 1124 688 1190 τοῦ
717 1126 939 1213 πεπαιδευμένου
968 1149 1063 1212 ευριπ
1092 1129 1146 1212 (ad
1175 1129 1205 1213 d.
1229 1131 1262 1213 4)

102 1237 286 1322 expositam
303 1237 518 1317 adhibeamus,
543 1259 674 1308 necesse
693 1249 753 1304 est.
792 1239 880 1304 [llam
895 1261 1010 1323 nempe
1027 1240 1264 1306 distinctionem

101 1360 190 1416 recte
226 1350 259 1413 in
291 1349 429 1414 medium
465 1351 598 1414 afferens
627 1351 807 1416 Eustratius
841 1373 969 1416 sensum
1001 1353 1183 1436 philosophi
1219 1354 1264 1418 ita

103 1461 273 1546 explanat:
304 1455 417 1546 μήποτε
440 1460 472 1526 δὲ
494 1456 590 1526 εἰδότα
613 1457 662 1528 καὶ
684 1462 903 1550 πεπαιδευμένον
925 1462 1052 1531 ἐνταῦθα
1074 1458 1106 1528 οὗ
1130 1459 1177 1529 τόν
1199 1460 1264 1547 περὶ

104 1566 228 1638 ἕκαστόν
255 1581 343 1657 φησιν
372 1561 565 1660 ἐπιστήμονα,
599 1567 677 1640 itti
699 1568 746 1640 τόν
776 1576 801 1640 ἐν
823 1580 882 1656 τοῖς
909 1570 1064 1662 πραίγμασι
1094 1571 1264 1660 πολύπειρον

103 1681 152 1750 καὶ
175 1678 326 1770 δυνοίμενον
340 1682 397 1750 ποῗν
412 1679 445 1749 rd
468 1685 669 1773 προτιθέμενον
692 1685 728 1765 εἰς
750 1685 840 1764 ’κρίσιν
863 1685 902 1777 τῇ
916 1681 1005 1752 αὐτοῦ
1026 1689 1114 1779 τριβῇ
1135 1687 1266 1773 capuci-⁴

104 1806 232 1874 δεσὲναι,
253 1790 524 1880 almisonum
548 1792 651 1881 ὃρδῶς.
679 1787 768 1882 ὥςπερ
792 1793 867 1864 ἐστὶν
890 1798 955 1864 ἰδεῖν
977 1793 1101 1880 πολλοῦς
1122 1796 1264 1887 γραφικὴν

105 1908 394 1996 μεταχειρισαμένους
415 1903 552 1976 οὐδέποτε
573 1905 622 1976 καί
645 1904 696 1990 τοῖς
726 1906 801 1992 παρ’
831 1895 925 1978 ἄλλων
953 1912 1131 2000 γραφομένας
1162 1908 1266 1993 εἰκόνας

106 2021 271 2108 δυναμένους
293 2018 390 2103 κρίνειν
412 2015 489 2086 nutri
512 2015 546 2086 οδ
569 2021 639 2087 δίον.
686 2023 737 2087 Ad
758 2024 946 2088 firmandam
966 2025 1057 2088 'hanc
1080 2025 1265 2108 explicatio-

105 2157 179 2200 nem
195 2132 380 2198 Eustratius
398 2134 682 2218 praeclarissimum
696 2135 836 2219 respexit
853 2135 951 2219 ipsius
963 2136 1143 2202 Aristotelis
1159 2137 1266 2202 locum

107 2249 169 2331 (De
198 2245 343 2331 partibus
374 2245 525 2310 animant.
548 2247 578 2325 1,
607 2247 705 2330 init),
736 2246 791 2312 ubi
820 2248 1008 2314 Aristoteles
1039 2249 1204 2315 scientiam
1234 2259 1268 2314 et

105 2359 254 2444 peritiam
279 2355 429 2441 (παιδείαν)
457 2357 503 2422 sic
523 2358 703 2443 distinguit:
735 2359 949 2445 πεπαιδειμίνου
972 2357 1034 2424 ἐστὶ
1056 2355 1133 2426 κοντοὶ
1161 2357 1267 2443 τρόπον

107 2465 140 2536 td
171 2465 320 2536 δύνασθαι
349 2475 440 2554 κρῖναι
469 2463 615 2552 εὐστόχως
645 2468 677 2534 τί
698 2469 794 2550 καλῶς
817 2461 836 2554 ἢ
856 2462 896 2556 μὴ
923 2467 1021 2549 καλῶς
1046 2465 1224 2536 ἀποδίδωσιν
1251 2464 1265 2534 d

105 2583 204 2668 λέγων.
251 2584 297 2648 Et
319 2584 433 2648 eodem
455 2583 527 2648 loco
549 2581 646 2646 telem
668 2581 769 2646 virum
791 2582 980 2648 Aristoteles
1005 2593 1100 2648 voest
1124 2576 1172 2648 τὸν
1196 2570 1266 2662 ’ὅλοις

109 2693 346 2781 πεπαιδευμένον,
368 2705 405 2758 ut
426 2703 537 2759 nostro
553 2695 624 2759 loco
647 2687 694 2758 τὸν
715 2689 781 2777 περὶ
802 2691 859 2759 πᾶν
880 2695 1111 2782 πεταιδευμίνονι
1136 2695 1268 2760 alterum

110 2816 219 2872 autem
249 2804 356 2884 illum,
388 2807 440 2890 qui
454 2807 562 2871 docet
591 2807 938 2892 aliquamscientiam,
966 2818 1077 2872 nostro
1097 2809 1174 2872 'loco
1203 2803 1268 2890 περὶ

110 2914 232 2984 ἕκαστον
254 2917 473 3004 πεπαιδευμένον
494 2929 653 2998 vocatum,
668 2920 857 2984 Aristoteles
876 2921 1020 2984 nominat
1036 2919 1106 3003 περί
1116 2946 1187 2998 τινος
1209 2913 1268 3001 φύ-

109 3059 179 3110 σεως
216 3023 415 3117 ἀφωρισμένος
446 3026 581 3115 κριτικόν,
612 3032 799 3115 comptior
828 3026 894 3114 περὶ
923 3026 1034 3096 πιίντων
1061 3026 1185 3114 κριτικὸς
1215 3031 1265 3095 sit.

108 3143 236 3208 Eodem
259 3143 355 3206 modo
378 3143 411 3206 in
434 3142 556 3208 Ethicis
575 3141 738 3206 Eudemlis
761 3142 797 3226 (1,
820 3141 852 3225 6)
881 3136 1056 3208 ἀπαιδευσία
1079 3143 1268 3228 explicatur:

108 3251 288 3321 ἄπαιὰυοία
313 3247 371 3336 γοίρ
396 3254 458 3318 ἔστι
481 3248 545 3336 περὶ
569 3248 688 3317 ἕκαστον
719 3253 840 3340 πρῖιγμοι
863 3248 898 3318 rd
927 3235 984 3340 pti
999 3250 1144 3322 δίναοθαι
1171 3253 1268 3337 κρίνειν

109 3361 221 3446 rode?
247 3362 362 3444 ον’κείους
384 3359 484 3449 λόγους
506 3364 558 3428 τοῦ
580 3359 749 3451 πράγματος
770 3360 821 3429 καὶ
843 3359 907 3444 τούς
930 3361 1106 3449 ἀλλοτρίους.
1147 3368 1269 3431 Nostro

108 3489 216 3546 autem
244 3478 317 3550 loco
347 3474 478 3542 παιδείαν
508 3477 548 3540 de
569 3499 630 3541 usu
659 3487 693 3542 et
715 3478 944 3542 consuetudine
971 3479 1055 3543 vitae
1084 3479 1270 3562 praesertim

109 3592 227 3676 accipi,
258 3597 346 3654 recte
368 3611 403 3653 se
425 3588 539 3667 hahet,
571 3589 686 3674 quippe
715 3611 787 3661 cum
810 3589 967 3654 derebus
995 3590 1126 3674 agendis
1149 3589 1182 3651 in
1204 3589 1271 3652 vita

108 3705 275 3769 hominum
299 3701 402 3766 activa
424 3711 543 3786 agatur.
566 3741 610 3754 -
631 3694 786 3786 ἀκροατής)
810 3703 895 3767 Cum
918 3702 1077 3780 auditore,
1108 3721 1271 3764 nonnum

7 3841 8 3846 ¹
108 3818 229 3882 lectoce
251 3836 320 3879 rem
342 3812 668 3878 hebetAristoteles.¹
686 3811 742 3877 llls
763 3813 858 3899 igitur
872 3835 936 3880 vox
957 3814 1026 3878 luce
1050 3813 1162 3878 clarius
1184 3813 1271 3892 facit,

110 3929 171 3994 hoc
195 3949 280 4012 opus
302 3924 496 4004 lsistotelis
518 3935 555 3990 ut
576 3927 736 4010 pleraque,
758 3947 798 3990 ex
818 3926 1083 4010 praelectionibus
1106 3927 1139 3990 in
1162 3925 1273 4010 Lyceo

108 4041 227 4106 habitis
257 4041 379 4116 ortum,
404 4036 443 4101 ab
474 4036 545 4120 ipso
567 4037 741 4110 Aristotele
771 4039 824 4103 val
852 4039 949 4104 etiam
978 4062 996 4103 a
1024 4037 1175 4122 proximis
1206 4035 1273 4120 ejus

110 4151 274 4238 discipulis
297 4150 383 4214 hunc
405 4149 437 4212 in
462 4149 606 4214 ordinem
628 4139 792 4214 redactum
816 4161 910 4236 atqua
933 4149 1053 4214 editum
1073 4171 1154 4228 esse,
1174 4159 1273 4232 ‘quem

109 4265 205 4330 hodie
222 4262 434 4350 semettride
451 4283 531 4348 quae
545 4261 637 4331 initio
660 4261 756 4346 hrrjus
773 4261 990 4328 commentarii
1005 4262 1045 4326 de
1059 4259 1152 4332 titulo
1168 4260 1273 4344 operis

110 4375 425 4461 dispuuvimus)>--
450 4367 465 4438 ὁ
488 4373 555 4455 νέος)
578 4373 654 4437 Ideo
677 4372 763 4440 rudis
786 4383 837 4438 est
859 4375 1028 4454 actionum,
1053 4393 1133 4458 quae
1155 4371 1190 4437 in
1209 4371 1276 4436 vite
1305 4435 1312 4444 ,

109 4497 295 4564 versantur,
320 4485 464 4570 juvenis,
495 4484 579 4568 quod
607 4505 673 4548 non
704 4486 765 4550 nisi
794 4485 880 4570 longi
908 4483 1060 4568 temporis
1090 4507 1150 4548 usu
1177 4491 1275 4565 expe-

135 4608 300 4654 cosummat
309 4607 727 4652 Ariet.Ethica1iieorn.ed.Michelet.
1059 4587 1076 4642 2
