3064 5036
557 346 725 423 Conspectus
745 345 809 406 libri
828 346 902 406 VIII.
1190 339 1319 407 XXXVII

256 583 286 628 γ.
307 557 481 625 Voluptatem
501 555 584 608 animi
605 554 725 624 corporis
747 553 883 622 uoluptate
905 553 1039 624 potiorem
1061 571 1127 607 esse.
1148 555 1171 621 t.
1193 548 1276 610 7-8.

295 662 341 695 aa.
363 637 520 707 Voluptates
533 637 615 688 animi
637 640 757 704 expertes
778 651 835 687 esse
857 633 967 698 doloris,
989 634 1057 687 nihil
1078 635 1190 687 nimium
1211 635 1317 700 habere,

362 724 389 769 et
409 723 512 788 natura,
532 733 588 769 non
609 733 640 769 ex
662 713 793 766 accidenti
814 731 871 766 esse
889 713 1033 782 jucundas:
1055 716 1077 781 §.
1100 709 1126 769 7.

294 809 341 868 pp.
363 795 535 858 Hominibus,
558 811 673 866 quorum
694 801 790 847 natura
809 811 864 846 non
886 801 927 847 est
948 795 1068 863 simplex,
1089 812 1144 846 non
1164 793 1234 846 idem
1249 811 1317 846 sem·

361 895 408 947 per
424 875 574 943 jucundum
595 893 669 938 esse,
691 873 739 926 setl
766 876 913 927 mutatione
942 875 1057 943 gaudere
1085 876 1215 944 (corporis
1243 876 1317 926 volu-

363 956 510 1026 ptatibus);
532 955 608 1023 cujus
630 961 724 1008 natura
745 956 857 1022 simplex
878 961 934 1018 est,
962 960 992 1006 ut
1020 954 1084 1018 Dei,
1113 956 1187 1006 illum
1214 971 1317 1022 semper

363 1055 417 1089 uua
437 1043 463 1090 et
484 1037 598 1106 simplici
619 1037 765 1104 voluptate,
789 1051 856 1104 quae
878 1042 919 1087 est
940 1036 967 1087 in
988 1035 1086 1104 quiete,
1115 1035 1196 1104 potiri
1228 1030 1317 1108 (uolu-

366 1123 437 1186 ptate
459 1117 562 1183 animi).
583 1117 606 1182 b.
628 1110 655 1170 8.

151 1204 188 1258 II.
211 1203 255 1258 De
277 1199 401 1255 amicitia.
422 1197 452 1252 L.
476 1196 540 1249 VIII
562 1203 589 1248 et
609 1193 656 1247 IX.

194 1279 224 1340 1.
247 1283 289 1336 De
310 1277 424 1334 essentia
446 1275 577 1330 amicitiae
598 1274 706 1344 ejusque
728 1271 882 1343 speciebus:
904 1270 1008 1324 Liber
1029 1279 1186 1324 octavus.

223 1381 250 1418 α.
270 1364 311 1417 De
333 1359 448 1414 amicitia
468 1359 627 1427 aequalium.
648 1354 801 1424 Respicitur
814 1353 949 1424 imprimis
969 1353 1081 1406 materia
1098 1354 1153 1405 sive
1169 1351 1312 1421 objectum.

275 1462 297 1498 c.
321 1434 406 1498 1-6.

255 1549 282 1583 a.
304 1523 415 1592 Caput
435 1517 594 1589 primurn:
615 1515 656 1568 De
678 1512 796 1567 amicitia
816 1513 844 1567 in
865 1530 969 1583 genere.

295 1628 340 1662 aa.
363 1599 503 1671 Agendum
524 1615 581 1649 esse
603 1596 635 1648 dc
657 1594 774 1647 amicitia
800 1594 960 1664 philosopho
989 1594 1099 1658 morali,
1128 1593 1207 1647 variis
1235 1611 1312 1662 argu·

361 1681 457 1735 mentis
478 1677 615 1749 probatur.
637 1677 660 1743 §.
684 1671 769 1730 1-5.

362 1777 385 1816 a.
412 1760 502 1814 Prima
521 1758 599 1810 ratio.
621 1755 773 1808 Amicitiam
795 1772 853 1808 esse
877 1753 1002 1809 virtutem
1024 1755 1158 1826 quandam
1186 1761 1232 1808 aut
1253 1771 1313 1808 cum

388 1843 508 1895 [virtute
530 1835 708 1904 conjunctam.
731 1838 756 1900 §.
780 1830 806 1900 1,
828 1837 845 1888 l.
867 1829 894 1889 2.

358 1923 382 1977 b.
412 1920 536 1976 Secunda
556 1918 631 1970 ratio.
660 1917 812 1970 Amicitiam
834 1933 892 1969 esse
913 1933 978 1980 rem,
1001 1933 1069 1986 quae
1098 1916 1132 1970 ad
1159 1918 1240 1969 vitam
1267 1913 1312 1968 de·

414 2001 529 2072 gendum
549 1999 663 2050 maxime
684 1999 720 2050 sit
740 1997 889 2050 necessaria
917 2005 944 2049 et
971 1995 1093 2050 felicibus
1120 2004 1146 2051 et
1173 1996 1313 2068 egentibus

414 2081 540 2152 omnique
562 2080 653 2131 aetati.
677 2079 700 2144 §.
724 2071 810 2132 1-2.

361 2180 380 2219 t.
415 2162 505 2216 'Iertia
526 2161 604 2213 rali0.
625 2159 778 2222 Amicitiam
799 2157 902 2210 homini
923 2150 1009 2210 inesse
1030 2165 1132 2210 natura.
1155 2159 1178 2224 ᾗ.
1200 2150 1227 2213 3.

359 2247 382 2299 b.
413 2244 515 2305 Quarta
536 2241 613 2292 ratio.
634 2240 787 2291 Amicitiam
799 2239 935 2291 continere
957 2240 1087 2304 civitates,
1102 2245 1129 2292 ct
1139 2237 1268 2292 latoribus
1279 2239 1315 2291 le-

414 2341 478 2394 gum
499 2339 576 2374 curae
599 2337 665 2372 esse.
687 2321 709 2385 §.
732 2313 759 2372 ll.

363 2421 381 2459 t.
410 2393 620 2466 Quinta'ratio.
647 2400 800 2451 Amicitiam
826 2415 881 2450 nou
916 2415 973 2450 csse
1003 2401 1090 2450 solum
1127 2400 1314 2462 necessariam,

418 2484 466 2538 sed
486 2484 567 2536 etiam
587 2481 736 2533 honestam.
759 2480 783 2541 §-
806 2474 833 2531 5.

294 2581 340 2639 ββ,
364 2566 516 2619 Afferuntur
536 2561 676 2631 opiniones
697 2559 848 2628 priscorum
873 2557 906 2610 de
928 2557 1059 2620 amicitia,
1086 2576 1146 2610 cum
1173 2560 1217 2609 alii
1247 2556 1315 2610 inter

364 2647 471 2706 similes,
494 2645 539 2696 alii
561 2641 770 2710 disputationem
791 2639 869 2690 altius
890 2644 917 2690 et
937 2639 1022 2708 magis
1045 2657 1060 2691 a
1080 2646 1174 2690 natura
1195 2647 1316 2708 repeten-

362 2736 402 2780 les
423 2727 492 2778 inter
513 2722 656 2775 dissimiles
678 2720 825 2772 amicitiam
847 2736 904 2772 esse
926 2725 1052 2772 statuant.
1075 2721 1100 2783 S.
1123 2713 1150 2772 6.

295 2833 345 2876 yy.
361 2807 401 2860 Ad
429 2822 517 2858 mores
541 2804 673 2873 pertinere
699 2799 766 2852 duas
794 2799 826 2851 de
860 2801 978 2852 amicitia
1003 2801 1189 2870 quaestiones:
1218 2799 1314 2850 Utrum

363 2889 432 2940 inter
452 2901 546 2939 omnes
566 2883 656 2952 possit
676 2896 734 2933 esse
752 2881 878 2944 amicitia,
900 2898 933 2932 an
954 2881 1022 2932 iuter
1044 2881 1128 2932 mulos
1142 2898 1198 2932 non
1212 2880 1300 2949 possit
1306 2900 1315 2942 ;

279 2978 284 2983 '
363 2975 390 3020 et
410 2974 500 3020 utrum
520 2965 598 3016 unica
619 2963 654 3014 sit
674 2961 806 3012 amicitiae
828 2959 939 3030 species,
961 2977 995 3011 an
1015 2962 1112 3030 plures.
1135 2963 1159 3024 A.
1184 2955 1211 3014 7.

255 3064 282 3123 β.
305 3051 417 3120 Caput
437 3043 641 3100 secundum:
662 3041 703 3093 De
722 3039 839 3092 amabili.
861 3040 1024 3110 Propositus
1038 3040 1158 3093 delinitio
1173 3039 1314 3092 amicitiae.

296 3155 341 3189 aa.
362 3127 484 3182 Amabile
503 3141 562 3178 esse
582 3123 698 3186 bouum,
715 3119 865 3188 jucundum
886 3128 913 3174 et
933 3121 1006 3186 utile,
1027 3121 1068 3174 vel
1094 3121 1247 3191 simpliciter
1274 3121 1315 3172 vel

363 3209 437 3280 quod
457 3209 495 3260 ita
514 3203 655 3258 videbitur.
678 3203 704 3266 S.
727 3193 813 3256 1-2.

294 3303 341 3363 pp.
362 3287 579 3343 Benevolentiam
596 3300 654 3337 esse
669 3298 773 3351 cupere,
793 3287 824 3332 ut
838 3278 962 3332 amabilia
978 3281 1054 3333 alteri
1069 3281 1235 3350 contingant.
1248 3281 1273 3345 §.
1286 3273 1314 3335 3.

295 3399 344 3442 w·
360 3370 512 3423 Amicitiam
544 3381 601 3418 esse
636 3362 850 3415 benevolentiam
883 3362 1060 3432 reciprocam,
1094 3378 1149 3413 nou
1184 3363 1315 3416 occultam

364 3467 450 3521 neque
472 3447 644 3516 incognitam.
666 3444 689 3510 ᾗ.
712 3436 741 3496 4.

255 3561 284 3604 7.
307 3532 421 3602 Caput
441 3529 598 3582 tertium:
620 3524 661 3576 De
689 3521 775 3574 tribus
803 3521 935 3574 amicitiae
961 3520 1115 3590 speciebus,
1142 3538 1209 3592 quae
1235 3519 1315 3574 rebus

308 3609 467 3666 amabilibus
487 3610 546 3678 pari
565 3619 677 3658 numero
697 3600 871 3671 respondent.

296 3719 342 3752 aa.
363 3689 534 3761 Imperfectus
555 3703 613 3741 esse
633 3701 678 3738 cas
700 3682 839 3746 amicitias,
861 3697 929 3752 quae
950 3679 1095 3751 voluptatis
1122 3682 1164 3734 vel
1192 3683 1315 3736 utilitatis

362 3789 444 3826 causa
464 3767 666 3823 contrahuntur.
689 3766 715 3830 S.
737 3756 823 3818 12-5.

339 3870 363 3908 a.
384 3852 440 3904 Has
462 3850 593 3904 amicitias
614 3863 672 3900 esse
693 3846 761 3897 luter
782 3859 838 3905 eos,
859 3841 905 3912 qui
927 3857 955 3893 se
975 3857 1032 3892 non
1052 3846 1161 3910 propter
1188 3858 1216 3894 se
1242 3843 1315 3912 ipsos

387 3938 492 3996 amant,
514 3929 561 3982 sed
582 3945 613 3982 ex
634 3931 730 3980 eventu
750 3929 860 3994 propter
882 3920 954 3973 aliud
975 3920 1049 3990 quid.
1072 3923 1096 3986 ὃ.
1120 3914 1205 3976 1-2,

337 4015 361 4069 lt.
382 4013 480 4066 Dirimi
500 4011 576 4064 facile
597 4004 728 4074 ejusmodi
749 4004 889 4067 amicitias,
915 4003 938 4054 si
958 4017 1014 4054 non
1035 4001 1148 4071 amplius
1165 4000 1315 4070 jucundum

384 4100 411 4146 et
430 4093 496 4144 utile
516 4088 652 4161 praebent.
675 4088 700 4150 ὃ.
722 4078 749 4140 3.

336 4191 355 4229 t.
384 4173 535 4226 Amicitiam
557 4175 664 4240 propter
684 4165 749 4217 utile
766 4161 845 4232 jungi
858 4162 972 4215 maxime
987 4163 1054 4216 inter
1069 4177 1154 4226 senes,
1171 4162 1314 4216 amicitiam

383 4259 493 4325 propter
510 4249 659 4319 jucundum
680 4247 748 4297 iuter
766 4241 877 4312 juvenes
903 4243 1058 4312 plerumque
1079 4243 1159 4295 cerni.
1181 4243 1204 4308 §.
1225 4235 1313 4296 4-5.

296 4348 344 4409 pp.
364 4333 513 4388 Perfectam
534 4329 679 4383 amicitiam
699 4324 806 4378 virtutis
826 4339 907 4376 causa
928 4323 1037 4392 suscipi.
1060 4315 1085 4391 ᾗ.
1108 4315 1186 4376 6-9

338 4432 360 4468 o.
383 4411 523 4482 Ejusmodi
544 4411 643 4462 amicos
665 4423 722 4460 esse
742 4405 856 4458 maxime
878 4403 986 4466 amicos,
1008 4403 1204 4471 amicitiamque
1233 4402 1313 4453 talem

385 4495 499 4549 maxime
521 4489 645 4546 stabilem
666 4494 693 4542 et
713 4485 851 4557 optimam.
877 4475 903 4552 §.
925 4476 1013 4538 6-7.
