3064 5036
520 373 686 442 Conspectus
704 371 766 426 libri
787 371 833 428 111.
1164 379 1254 433 xxttt

237 596 289 641 ῃ,
312 571 485 626 Voluntatem
505 589 564 626 esse
583 574 686 640 finium,
706 575 874 646 propositum
895 591 996 640 eonem,
1018 595 1086 648 quae
1113 579 1147 632 ad
1173 581 1251 636 tinem

320 651 471 706 conferunt.
493 653 519 718 8.
540 647 569 707 9.

198 751 217 786 ι.
247 729 409 800 Opinionem
429 745 486 786 non
505 747 565 785 esse
585 730 762 801 propositum.
784 733 811 798 8.
834 727 958 791 10·-15.

236 833 282 866 aa.
304 809 398 880 Neque
418 809 583 882 simpliciter.
605 812 631 876 8.
655 804 701 866 10.

305 905 328 941 e.
351 887 512 960 Opinionem
534 889 568 942 ad
588 887 680 942 omnis
699 887 841 959 pertinere.
863 894 888 958 8.
913 888 958 950 10.
983 893 1040 950 init.

304 967 328 1022 b.
350 967 493 1038 Opiniouis
514 970 632 1038 regulam
653 985 833 1035 erraveram,
854 987 908 1026 non
930 972 1040 1030 bonrum.
1063 977 1090 1042 8.
1115 971 1158 1033 10.
1181 980 1224 1034 fin.

235 1057 284 1117 βρ.
306 1047 399 1118 Neque
419 1048 553 1119 quandem
573 1047 736 1118 opinionem.
764 1049 790 1113 8.
814 1044 938 1107 1145.

306 1141 329 1179 u.
352 1125 487 1198 Opinione
508 1126 572 1181 boni
593 1126 680 1180 bonos
700 1143 750 1180 nos
770 1145 825 1181 non
845 1130 911 1183 fleri.
933 1135 959 1196 8.
985 1126 1030 1187 11.

304 1206 328 1259 i.
349 1205 470 1277 Adipisci
489 1207 646 1275 intingere
666 1205 804 1276 opinionis
823 1223 878 1264 non
897 1227 964 1266 esse.
986 1213 1011 1276 8.
1036 1205 1080 1268 12.

304 1299 323 1338 e.
345 1285 488 1356 Opinionis
509 1285 615 1338 leudem
636 1285 734 1338 versari
753 1286 781 1338 in
802 1287 920 1342 veritate.
944 1292 969 1356 8.
995 1285 1039 1348 13.
1061 1292 1120 1345 init.

301 1367 324 1417 b.
347 1363 510 1435 Opinionem
530 1381 589 1418 esse
609 1381 710 1428 earum,
730 1383 797 1436 quse
818 1383 874 1420 non
893 1377 959 1422 uota
980 1370 1041 1423 sint.
1065 1374 1091 1436 8.
1115 1365 1160 1429 13.
1183 1375 1225 1430 nn.

306 1459 325 1497 e.
346 1443 456 1497 Prurius
477 1461 536 1497 esse
556 1443 691 1497 interdurn
712 1445 852 1498 consilium
873 1447 1008 1518 opinione.
1030 1451 1056 1515 8.
1080 1445 1125 1510 14,

166 1541 188 1580 c.
212 1521 384 1594 Propositum
405 1541 464 1576 esee
485 1532 670 1593 spontaneum,
691 1521 725 1577 de
745 1541 799 1594 quo
819 1525 893 1595 prius
913 1529 1093 1582 consultatum
1109 1529 1189 1595 sits.
1204 1525 1248 1587 16.

136 1596 163 1657 3.
184 1602 302 1672 Caput
322 1605 481 1656 tertium:
492 1601 533 1656 De
543 1601 740 1656 consultatione
756 1603 936 1658 definitionem
947 1608 1079 1678 propositi
1088 1611 1249 1678 perficiente.

164 1699 190 1736 a.
211 1681 285 1742 Quid
306 1684 342 1734 sit
361 1681 435 1747 illud,
455 1681 529 1752 quod
550 1681 628 1736 cadat
647 1680 698 1735 snb
718 1684 952 1741 consultationem.
975 1687 1000 1748 8.
1024 1681 1072 1742 1-
1084 1683 1129 1744 il.
1161 1695 1164 1702 '

165 1761 189 1817 b.
211 1760 326 1814 Omnem
348 1763 572 1814 consultationem
593 1778 654 1814 esse
674 1760 883 1834 inquisitionem.
905 1765 930 1830 8.
955 1758 1082 1822 12-14.

164 1857 187 1893 o.
208 1839 282 1902 Quid
303 1841 408 1893 intersit
427 1840 497 1893 inter
517 1839 743 1894 consultationem
763 1851 790 1895 et
809 1843 984 1913 propositum.
1007 1848 1033 1910 8.
1057 1839 1181 1902 15-20,

135 1913 162 1975 ll.
184 1918 300 1989 Caput
320 1937 363 1990 qu
372 1926 499 1972 artum:
509 1920 550 1973 De
558 1921 704 1984 voluntate,
714 1928 742 1973 et
752 1919 785 1974 de
799 1939 841 1988 eo,
851 1923 923 1992 quod
934 1922 983 1977 suls
995 1927 1157 1979 voluntatem
1168 1925 1247 1981 eadit.

163 2016 188 2052 a·
210 1998 279 2052 Cum
300 1997 336 2051 sit
356 2001 480 2052 voluntas
499 2000 560 2052 finis
581 1997 677 2062 ultimi,
697 2017 756 2054 eam
777 2010 824 2055 aut
843 2001 918 2066 boni,
944 2011 988 2056 ent
1011 2003 1081 2074 ejus,
1107 2005 1179 2076 quod
1200 2004 1248 2059 bo·

211 2095 277 2131 num
297 2077 408 2144 ridetur,
428 2095 486 2131 esse
506 2087 640 2149 opertere.
662 2081 688 2143 8.
712 2074 738 2135 1.

162 2155 186 2211 b.
207 2155 355 2228 Utramque
375 2157 530 2228 opinionem
549 2175 596 2229 per
616 2175 645 2210 se
665 2157 781 2228 positam
802 2176 818 2212 s
838 2175 901 2212 vero
921 2159 1050 2218 aberrare.
1073 2156 1099 2234 §-
1120 2157 1139 2218 2
1157 2194 1164 2200 -
1183 2156 1207 2219 3.

163 2253 186 2295 e.
208 2236 354 2290 Veritatem
375 2235 566 2306 conjungendis
586 2236 717 2294 ambabus
736 2237 910 2308 opinionibus
930 2242 998 2297 elici.
1020 2243 1046 2307 8.
1068 2236 1154 2298 4-6.

134 2312 161 2371 5.
183 2315 300 2386 Caput
319 2317 490 2387 quintum:
511 2318 552 2370 An
573 2315 682 2370 virtutes
702 2325 731 2370 et
750 2317 815 2370 ritis
835 2319 889 2372 sint
909 2322 1067 2385 voluntarie,
1088 2338 1179 2378 necne.

161 2413 186 2448 α.
207 2393 276 2530 Onu}
297 2394 380 2530 ripas
400 2396 436 2448 sit
455 2397 614 2461 voluntaria,
634 2403 662 2448 et
682 2395 776 2449 vitium
797 2399 974 2452 voluntarium
998 2400 1033 2452 sit
1053 2417 1160 2456 necesse
1180 2417 1246 2457 esse.

162 2553 186 2608 b.
207 2553 248 2608 Es
267 2555 335 2625 ipsa,
356 2569 424 2625 quae
443 2569 491 2624 per
510 2551 689 2623 ignorantiam
710 2561 834 2624 aguntur,
855 2553 930 2624 cujus
954 2556 1005 2625 ipsi
1034 2575 1126 2612 sumus
1156 2566 1247 2612 aucto-

213 2651 264 2696 res,
285 2632 365 2687 nobie
386 2631 519 2703 imputari.
541 2635 567 2698 8.
587 2626 696 2688 8-20.

191 2737 218 2770 a.
240 2711 436 2783 Negligeutiem
457 2709 657 2782 vituperabilem
677 2729 744 2770 esse.
766 2715 793 2778 8.
814 2705 901 2768 8·-9.

191 2803 220 2861 β.
241 2791 425 2862 Negligentiae
444 2789 566 2844 habitum
587 2799 680 2845 nostra
693 2793 772 2862 culpa
791 2799 879 2846 ortum
900 2809 967 2848 esse.
991 2795 1016 2858 8.
1042 2788 1166 2852 10-16.

191 2896 221 2939 γ.
243 2869 408 2941 Opinionum
428 2868 545 2942 ipsarum
566 2885 616 2924 nos
636 2877 758 2926 auctores
777 2889 843 2927 esse.
865 2875 890 2938 8.
916 2867 1042 2929 17--19.

162 2968 184 3006 ε.
206 2949 351 3005 Conclusio
373 2950 503 3021 generalis
522 2949 672 3004 ethicorum
691 2949 784 3020 pertis.
805 2953 831 3017 8.
854 2946 982 3008 21-23.

576 3115 775 3130 m

294 3248 401 3314 Pars
438 3247 647 3316 secundas
692 3251 754 3316 lle
791 3252 1046 3318 virtutibus.

101 3405 119 3464 Ι.
138 3411 177 3465 De
196 3409 339 3466 virtutibus
359 3411 429 3466 eirea
449 3411 583 3483 appetitus
604 3411 646 3467 sui
666 3412 842 3469 cunicmundi
856 3373 1031 3470 rerssntibus.
1053 3413 1083 3467 L.
1105 3411 1153 3476 lll,
1173 3430 1196 3467 c.
1218 3406 1245 3466 6.

139 3490 303 3625 i-Vliittitbi
317 3507 351 3622 iii
364 3485 511 3624 iioloribus
531 3577 558 3622 et
578 3570 761 3641 voluptatibus
782 3577 925 3627 vernantes.
947 3570 977 3627 L.
999 3570 1047 3637 111,
1067 3587 1090 3626 c.
1111 3563 1219 3626 6-12,

164 3667 187 3702 a.
206 3649 248 3702 De
269 3647 433 3704 fortitudine.
454 3667 478 3703 c.
501 3643 589 3705 6-9.
1233 3717 1237 3724 ¹

191 3753 218 3785 a.
240 3727 355 3817 Oaput
374 3735 522 3818 sextum:
543 3725 672 3782 Definitio
692 3725 866 3783 fortitudinis.
908 3727 985 3790 Quae
1005 3727 1040 3782 sit
1061 3725 1139 3796 hujus
1166 3725 1247 3780 virtu-

231 3814 277 3942 ΣΞ
297 3813 494 3940 ffiffiinm
516 3886 544 3939 in
563 3883 706 3938 formidine
725 3889 753 3938 et
772 3884 956 3941 fiduciaverti.
972 3878 1098 3951 81νῖ.

230 3974 278 4033 pp.
300 3962 379 4018 Circa
397 3979 466 4035 quae
485 3963 628 4018 metuenda
647 3961 688 4016 vir
707 3961 785 4018 iortis
805 3979 860 4018 non
884 3973 1010 4021 versetur.
1033 3967 1058 4030 8.
1080 3959 1167 4020 3-5.

232 4065 283 4110 pp.
299 4041 404 4104 Quibus
424 4041 452 4096 in
472 4043 553 4098 rebus
573 4041 755 4098 formidolosis
777 4041 816 4096 vir
836 4043 914 4097 fortis
939 4051 1070 4098 cernetur.
1092 4044 1118 4107 8.
1140 4035 1246 4098 6-*12

190 4132 218 4190 p.
239 4119 354 4210 Caput
374 4123 577 4191 septimum:
600 4122 643 4176 De
668 4119 825 4176 terribilium
852 4121 1005 4176 diversitate
1030 4129 1057 4176 et
1084 4119 1248 4176 tortitudinis

234 4206 532 4342 girininierribilibue,
557 4295 626 4349 quse
651 4275 754 4332 bomini
781 4277 931 4336 tolerabilia
954 4279 1017 4346 sint,
1037 4276 1248 4334 mediocritatem

301 4362 329 4410 et
348 4363 466 4411 extrema
485 4359 640 4411 consistere.
661 4358 687 4422 8.
710 4351 796 4413 1-4.

230 4445 278 4505 pe.
298 4433 452 4506 Descriptio
470 4435 663 4490 mediocritatis
682 4444 711 4492 et
729 4443 915 4492 extremorum.
936 4439 962 4501 8.
982 4430 1083 4494 5-10

295 4527 320 4569 u.
340 4513 524 4570 Fortitudinis.
549 4517 575 4581 8.
595 4508 683 4572 5-6.
