3064 5036
560 349 727 419 Conspectus
748 344 808 402 titrt
831 345 875 400 vt.
1213 357 1303 412 xxix

297 555 364 626 logis
385 551 514 606 correctio
535 550 568 604 eit
591 550 726 620 pereuntis
750 555 906 619 propterca,
933 550 1005 622 qnod
1030 554 1188 622 generaliter
1215 559 1303 614 locutu

297 635 341 702 ‚ius
361 634 387 686 iu
410 632 515 701 singulo
537 631 625 700 utiquo
647 646 709 680 curu
731 637 848 680 statuere
869 643 922 680 uon
945 633 1071 701 potuerit.
1093 637 1118 698 8.
1140 629 1227 692 2-7.

248 742 277 785 y.
302 717 393 768 Virum
415 727 527 781 acquum
548 719 575 762 et
597 707 697 760 bonum
713 725 775 760 eum
791 725 859 771 ενιε,
881 708 928 778 qui
948 725 1003 762 uon
1019 711 1100 766 utitur
1114 733 1218 770 nummo
1236 717 1304 786 juro,

300 809 431 848 ettmmnm
451 789 574 858 injuriam
595 795 780 856 compotens.
803 788 829 851 8.
850 779 878 841 8.

214 875 246 932 d.
269 873 384 943 Caput
404 869 633 924 undecimum:
654 866 695 919 De
713 864 820 933 justitie
840 872 866 918 et
878 863 1008 932 injustitie
1019 869 1097 924 unius
1108 871 1224 926 hominis
1235 873 1262 928 in
1274 894 1302 930 se

269 971 277 1005 r
299 971 366 1005 sum.

248 971 440 1089 ..prtemtnem
460 1025 510 1079 sibi
531 1023 654 1092 injuriam
676 1023 771 1078 iecere.
793 1027 819 1089 8.
844 1018 928 1080 1-6,

293 1135 339 1170 aa.
361 1107 415 1168 Qui
442 1123 471 1158 sc
497 1107 584 1176 iprum
611 1103 750 1168 interficit,
777 1102 899 1171 injurium
928 1103 1014 1160 fucere
1041 1108 1167 1162 nonsibi
1194 1107 1306 1184 (sponte

359 1191 431 1240 enim
451 1185 586 1254 patitur),
607 1183 654 1236 ced
675 1182 784 1245 civitati,
804 1200 864 1235 curu
890 1183 1036 1254 legitimum
1057 1187 1111 1240 sire
1133 1189 1306 1244 universalem

357 1264 490 1334 justitiam
510 1262 605 1315 lacdut.
626 1265 651 1325 8.
676 1255 761 1316 1-3.

290 1358 338 1416 pp.
361 1345 416 1398 Nec
437 1340 582 1395 secundum
603 1341 787 1411 particularem
806 1338 938 1408 justitium
959 1341 1011 1396 eibi
1032 1343 1082 1414 ipei
1104 1348 1218 1418 aliquem
1239 1349 1307 1419 inju-

359 1425 426 1478 rium
447 1419 533 1474 iacere
554 1437 643 1490 poete,
664 1437 723 1473 cum
745 1421 846 1474 tucrum
868 1429 895 1472 et
915 1421 1040 1476 damnum
1067 1424 1146 1479 uimul
1168 1429 1306 1499 acciperet,

358 1501 460 1571 justum
482 1509 570 1554 temen
591 1516 695 1571 sempor
716 1499 743 1554 in
764 1498 884 1568 pluribur
905 1517 963 1554 enee
983 1518 1092 1556 necesse
1113 1506 1155 1558 eit.
1177 1509 1203 1571 8.
1225 1505 1252 1564 4.

294 1605 344 1650 w.
360 1582 427 1635 Cum
455 1578 613 1650 principium
642 1578 739 1648 egendi
764 1579 792 1630 in
820 1595 853 1630 ro
883 1595 942 1634 eree
967 1579 1079 1645 debent,
1112 1584 1157 1656 qui
1183 1587 1306 1656 injuriam

362 1660 449 1723 infert,
470 1677 525 1712 non
546 1658 573 1710 iu
594 1657 720 1728 potiente,
742 1658 785 1710 ille
807 1673 877 1720 vero,
897 1658 942 1729 qui
971 1659 1022 1714 eibi
1048 1663 1099 1732 ipsi
1125 1664 1247 1734 injurium
1269 1668 1307 1724 fa.

361 1758 420 1794 cere
441 1740 546 1800 dit-itm,
568 1754 650 1808 egene
670 1737 741 1790 idem
763 1753 794 1790 no
814 1737 919 1807 petione
939 1738 987 1792 eit:
1008 1743 1141 1798 neminem
1170 1764 1250 1817 posce
1278 1768 1307 1803 ce

361 1820 448 1889 ipsum
469 1815 565 1884 injuria
585 1816 698 1882 officere,
719 1834 779 1870 cnm
800 1817 879 1870 etiem
901 1835 950 1872 ene
963 1828 1059 1890 upon-te
1081 1823 1212 1894 acciperet
1239 1827 1307 1897 inju-

359 1899 433 1952 riam.
475 1937 480 1949 .
503 1893 530 1951 5.

293 1972 337 2033 dd.
357 1977 389 2030 In
409 1899 520 2046 singulis
540 1973 682 2044 injuriandi
703 1974 857 2046 speciebus,
880 1976 936 2030 uine
956 1977 1053 2048 quibus
1079 1979 1201 2048 iniuriam
1227 2005 1307 2043 nemo

360 2057 433 2121 iacit,
453 2071 508 2108 noo
528 2054 655 2118 accidere,
677 2062 705 2108 ut
725 2056 786 2125 quic
806 2055 833 2108 in
855 2073 884 2110 se
911 2055 998 2126 iprum
1019 2058 1141 2128 injuriam
1169 2065 1308 2123 admittere

361 2136 457 2207 possit.
482 2137 507 2199 8.
529 2127 556 2188 6.
967 2199 970 2208 ¹

252 2229 281 2288 β.
305 2217 354 2270 Ρεν
381 2233 410 2270 se
437 2213 552 2268 deterius
580 2229 637 2266 eme
666 2210 751 2266 serere
777 2212 900 2282 injurium
926 2233 1007 2286 quem
1033 2219 1167 2291 accipere,
1188 2228 1309 2294 quamvis

305 2303 444 2365 utrumque
470 2293 506 2346 eit
532 2294 646 2357 melum,
672 2301 700 2346 et
727 2309 759 2346 ex
790 2303 886 2350 evento
914 2295 1037 2364 injurium
1071 2303 1190 2372 accipere
1220 2305 1308 2373 majus

303 2377 402 2428 mulum
423 2391 480 2426 estre
502 2371 596 2443 poscit.
620 2374 645 2436 8.
666 2365 754 2427 70—8.

254 2481 284 2524 ιγ.
307 2455 329 2508 Ε
350 2453 521 2506 trunelatione
542 2450 569 2504 in
595 2450 690 2504 eodem
717 2450 826 2503 homine
852 2451 921 2504 inter
946 2465 1048 2523 portem
1078 2459 1180 2512 animae
1208 2461 1309 2516 ratione

305 2533 461 2607 praeditam,
482 2539 508 2584 et
529 2547 586 2584 runt
607 2535 720 2600 purtem,
740 2530 925 2600 quaeratione
940 2542 1024 2599 tecet,
1045 2545 1149 2591 exstare
1166 2537 1269 2607 justum
1283 2551 1310 2597 et

308 2612 434 2681 injustum
453 2610 579 2681 quiddam
601 2625 689 2680 poure.
710 2610 735 2673 8.
757 2603 784 2664 9.

153 2695 202 2749 111.
225 2695 266 2748 De
288 2691 429 2745 virtutibus
450 2689 637 2759 cogitationie:
658 2687 763 2742 Liber
777 2697 910 2744 uextue.

196 2769 224 2829 1.
246 2774 288 2826 De
317 2770 435 2842 partibus
462 2769 578 2832 animae,
605 2785 672 2839 quoe
699 2776 762 2822 cunt
789 2767 919 2840 principie
943 2777 1094 2826 nostrerum
1120 2774 1264 2832 notionum.
1286 2796 1308 2832 e.

251 2846 336 2908 1-2.
829 2861 833 2872 ·

227 2951 253 2985 a.
275 2931 386 3000 Caput
406 2927 565 2999 primum:
587 2927 718 2982 Definitur
738 2933 810 2980 rectu
833 2927 910 2982 ratio.

259 3035 286 3068 a.
309 3010 376 3063 Cum
396 3015 469 3062 recte
487 3009 555 3060 ratio
566 3006 592 3060 in
604 3006 745 3060 uirtutibus
760 3005 905 3060 morelibm
915 3008 1126 3064 mediocritatem
1144 3011 1311 3081 determinet,

310 3088 372 3160 quid
395 3087 428 3140 eit
450 3093 522 3140 rectu
542 3087 610 3138 cutio
631 3085 780 3156 inquiretur
800 3102 907 3140 necesse
928 3104 995 3153 εεεε,
1016 3107 1069 3160 quo
1091 3090 1233 3160 perfectius
1253 3111 1311 3148 mo-

310 3169 404 3220 relittm
425 3165 551 3218 virtutum
572 3175 665 3218 nutum
685 3165 856 3234 intelligatur.
877 3167 902 3230 8.
925 3161 1011 3224 1-3.

260 3261 290 3319 β.
311 3248 420 3300 Rectam
440 3245 569 3297 rationem
590 3242 699 3298 definire
724 3244 791 3297 nihil
811 3244 882 3298 eliud
904 3264 976 3313 ecee,
1002 3265 1082 3318 quem
1110 3248 1143 3304 de
1170 3249 1312 3306 virtutibus

310 3323 482 3393 cogitationis
503 3339 642 3393 exponere.
663 3325 689 3387 8.
710 3317 737 3378 4.

262 3431 291 3475 7.
313 3405 386 3457 Duas
406 3421 465 3457 esse
486 3402 568 3454 enimi
587 3410 676 3472 pertun
697 3401 799 3456 ratione
824 3403 973 3472 praeditus,
1001 3407 1111 3460 alterum
1138 3408 1165 3460 in
1194 3426 1247 3479 que
1272 3410 1312 3464 vie

311 3483 421 3548 sciendi,
441 3483 550 3535 alterum
571 3499 639 3552 quae
660 3481 694 3534 ed
714 3480 925 3536 ratiocinandum
945 3485 1022 3538 velet.
1044 3487 1069 3550 8.
1091 3479 1178 3542 5-8.

229 3567 256 3619 b.
278 3563 391 3633 Caput
412 3560 613 3615 secundum:
635 3560 677 3614 De
696 3560 832 3630 principiis
852 3560 949 3631 egendi
965 3570 993 3616 et
1013 3565 1202 3634 cognoscendi.

261 3668 289 3702 a.
312 3643 425 3696 Sensum
445 3657 500 3693 nou
522 3655 580 3692 erse
600 3639 760 3710 principium
780 3640 885 3709 agendi,
906 3640 986 3712 idque
998 3645 1167 3713 propositum
1188 3663 1246 3700 ecee
1266 3646 1315 3702 bo·

312 3739 390 3853 uum2‚
421 3719 495 3789 cujus
525 3720 661 3790 appetitur
687 3719 721 3772 od
748 3728 848 3774 rectem
874 3721 1005 3774 rationein
1032 3724 1256 3780 accommodetur.
1288 3729 1314 3793 8.

264 3894 291 3951 β,
313 3878 458 3941 Quomodo
480 3895 554 3931 meus
576 3876 661 3930 notive
681 3883 707 3930 et
729 3877 936 3947 contemplative
949 3878 1017 3933 inter
1037 3897 1066 3934 ce
1087 3880 1218 3938 different.
1240 3885 1265 3948 8.
1287 3877 1315 3940 3.

260 3987 292 4030 7.
315 3960 356 4012 De
376 3961 470 4092 netpru'
489 3955 630 4028 propositi,
650 3954 724 4026 quod
751 3956 886 4010 actionum
914 3967 1066 4014 nostrerum
1086 3969 1128 4016 ert
1147 3962 1317 4034 principium.

306 4142 351 4175 aa.
374 4115 506 4186 Principia
525 4113 609 4185 ipsius
630 4113 763 4184 propositi
783 4133 841 4168 esre
862 4118 1008 4187 appetitum
1030 4125 1058 4174 et
1078 4120 1219 4176 rationem.
1241 4123 1266 4186 8.
1288 4115 1316 4178 d.

304 4208 351 4267 ββ.
373 4195 441 4250 Cum
463 4197 533 4248 ectio
553 4194 613 4264 ipra
634 4194 667 4248 sit
688 4195 758 4256 finis,
778 4211 834 4248 non
854 4211 938 4266 opus,
963 4199 1132 4268 propositum
1159 4217 1219 4256 esee
1244 4217 1319 4254 men·

373 4285 444 4338 tem,
472 4291 539 4344 queo
567 4273 601 4326 ud
627 4274 772 4343 appetitum
801 4275 908 4340 excitet,
929 4284 975 4330 eut
994 4280 1158 4349 eppetitom,
1179 4278 1225 4352 qui
1245 4279 1318 4349 cogi·

376 4353 522 4406 tundirim
544 4351 632 4405 hebet.
655 4353 681 4416 8.
702 4347 729 4406 5.

305 4459 356 4504 yy.
370 4431 542 4504 Propositum
563 4448 621 4484 ene
640 4429 791 4486 futurorum
811 4437 838 4484 et
857 4432 1078 4503 contingentium.
1099 4437 1125 4500 8.
1146 4429 1174 4492 6.

204 4508 233 4570 2.
255 4514 297 4569 De
317 4511 433 4584 quinque
453 4509 599 4575 habitibus,
620 4508 717 4580 quibus
739 4510 842 4564 animus
864 4529 953 4565 verum
975 4513 1103 4567 enuntiet.
1124 4531 1146 4568 ε.
1168 4507 1255 4570 3-7.
