3064 5036
506 389 579 444 ursa
599 391 620 445 1.
661 391 728 462 cap.
750 389 788 444 rv
808 391 863 460 (τι).
1223 389 1269 461 19

106 605 220 668 clarius
244 605 371 688 repetit,
392 627 472 690 quae
494 607 526 670 in
550 607 681 672 exordio
698 608 736 690 (c.
758 607 788 684 1,
812 607 840 690 §.
855 609 885 691 l)
910 609 950 672 de
972 609 1035 672 fine
1058 609 1150 696 hujus
1173 611 1267 677 disei-

106 717 212 801 plinae
243 729 463 802 proposuerat.
490 759 530 772 -
561 711 685 801 ἀγαθόν)
716 719 779 784 Par
806 712 938 802 ὃρεκτῶνε
972 721 1114 786 nonnulli
1137 715 1267 807 ἀγαθῶν,

105 830 189 894 inter
201 851 282 915 quos
290 831 371 908 Ven,
379 829 571 909 Eustrstius,
580 831 711 909 Corees,
725 829 940 912 etBekkerus,
953 833 1041 918 cujus
1051 843 1117 899 tres
1130 835 1266 915 codices,

106 939 153 1006 Kb
177 939 400 1024 (dissentiente
424 943 630 1026 Oardwello),
658 941 714 1022 Lb,
738 939 797 1022 Nl,
819 943 901 1009 hanc
923 945 1093 1010 lectionem
1116 948 1267 1028 afferunt;

107 1053 206 1119 habet
229 1055 276 1119 sio
299 1064 332 1119 et
354 1055 427 1119 NG.
474 1055 558 1118 Tum
586 1054 721 1136 πρακτῶν
750 1075 815 1119 non
839 1055 878 1120 de
906 1055 1001 1121 rebus
1032 1057 1179 1143 agendis,
1210 1059 1268 1124 sed

107 1165 184 1250 ipsis
209 1165 250 1231 de
272 1165 389 1230 finibus
410 1165 473 1231 hoo
496 1166 621 1252 quidem
643 1167 714 1232 loco
738 1167 836 1252 accipi
851 1167 982 1234 deberet
1005 1169 1088 1252 (vide
1111 1191 1207 1254 supra
1227 1171 1268 1235 ad

107 1301 133 1343 c.
157 1280 199 1358 2,
226 1279 255 1362 b.
280 1277 324 1362 1).
369 1281 491 1344 Auctor
511 1279 604 1364 hujus
626 1279 771 1344 lectionis
801 1289 852 1344 est
874 1281 1005 1344 forsitan
1027 1283 1267 1366 Parophrastes,
1308 1271 1315 1286 ⁸

108 1390 159 1475 qui
182 1390 299 1455 habete
330 1387 365 1454 τ(
380 1383 415 1454 τῶ
436 1385 549 1455 πάντων
571 1385 730 1473 ἀκρότατον
757 1389 812 1457 τῶν
833 1391 997 1474 πρακτικῶν
1027 1387 1155 1476 ἀγαθῶν.
1202 1394 1268 1460 Sed

108 1503 235 1581 melius,
261 1511 384 1568 servata
406 1502 544 1569 lectione
566 1505 701 1589 vulgata,
723 1504 910 1569 nominativi
933 1515 966 1569 et
988 1506 1117 1590 genitivi
1138 1505 1266 1592 paribus

107 1613 282 1682 intervallis
305 1625 489 1701 sequuntur.

197 1729 227 1812 §-
240 1728 273 1797 2.
303 1728 328 1791 οἳ
339 1725 493 1811 χαρίεντες)
511 1725 618 1792 Schol.
631 1727 702 1792 cod.
714 1729 787 1793 Par.
800 1730 884 1814 apud
897 1729 1048 1794 Zellium:
1069 1731 1095 1794 oi
1108 1735 1266 1796 πὲπαιδευ.

106 1840 181 1926 μένοι
213 1831 354 1919 ὃπωςοῶν,
382 1839 409 1903 ol
438 1837 537 1919 σοφοί.
583 1839 638 1904 Sic
666 1838 768 1922 ἰατρῶν
797 1841 823 1904 oi
851 1839 995 1924 χαρίεντες
1025 1845 1064 1926 (c.
1090 1843 1148 1922 13,
1172 1845 1200 1927 ᾧ.
1226 1845 1268 1927 7),

104 1963 140 2018 ut
157 1955 229 2039 jam
251 1951 332 2016 vidit
353 1950 491 2030 Zellius,
517 1960 593 2016 sunt
611 1950 720 2030 iidem,
744 1955 835 2037 quos',
860 1953 900 2017 de
923 1975 1021 2018 sensu
1043 1941 1070 2019 e.
1096 1956 1127 2032 1,
1148 1957 1269 2020 Noster

105 2053 182 2130 dicit
218 2061 462 2145 φιλοσοφωτέρως
496 2055 546 2147 τὴν
579 2061 681 2147 τέχνην
709 2057 864 2149 μετιόντας.
918 2055 1037 2130 Coraes
1071 2067 1097 2130 οἱ
1124 2064 1268 2150 χαρίεντες

105 2177 246 2264 explicat
275 2174 401 2260 gallice:
435 2179 565 2240 bommm
592 2179 739 2242 instatis.
763 2217 806 2228 -
838 2162 869 2240 εῶ
897 2172 1042 2262 πράττειν)
1074 2177 1207 2246 Graecis
1238 2165 1270 2245 eii

106 2282 244 2371 πράττειν
274 2295 308 2352 et
336 2286 418 2351 bene
447 2308 481 2352 se
510 2285 627 2354 hebere
658 2296 691 2353 et
711 2298 799 2354 reots
829 2311 921 2374 agere
943 2301 1003 2356 est.
1051 2293 1269 2360 Quamobrem

107 2401 186 2465 liaeo
209 2421 274 2464 vox
297 2397 462 2463 Aristoteli
485 2399 598 2478 arrisit,
623 2401 740 2486 quippe
763 2401 816 2485 qui
836 2401 1019 2480 felicitatem
1042 2403 1075 2465 in
1098 2404 1214 2468 virtute
1236 2413 1271 2470 et

106 2513 260 2578 virtutem
290 2509 324 2574 in
346 2511 440 2576 rebus
465 2510 547 2576 bene
574 2511 703 2596 agendis
722 2514 875 2595 posuerit.
897 2549 940 2560 --
961 2511 1002 2590 τίς
1025 2513 1110 2597 ἐστιν)
1142 2515 1269 2581 Bekke-

105 2647 160 2689 rus
191 2621 368 2688 seeundum
398 2623 535 2710 quinque
569 2623 714 2702 codices,
748 2625 811 2703 Hl,
839 2617 887 2689 Kb
916 2625 1127 2704 (Gardwellus
1163 2637 1270 2692 tamen

106 2737 281 2802 lectionem
304 2755 370 2799 non
394 2736 517 2814 affert),
548 2733 605 2814 Ι),
635 2732 699 2814 Mb,
729 2732 788 2814 Νὴ,
818 2745 851 2801 et
869 2737 943 2815 ,Ald
977 2739 1087 2823 legunt
1120 2738 1153 2804 τί
1184 2740 1268 2804 ἔστιν.

106 2848 292 2914 Eustratius
316 2847 480 2933 distinguit
510 2845 551 2926 τίς
574 2849 650 2912 ἔστιν
679 2857 713 2912 et
735 2845 768 2912 τί
786 2848 863 2912 ἐστιν
891 2847 976 2914 hunc
998 2850 1031 2914 in
1053 2851 1203 2916 modum:
1234 2839 1270 2916 ῶν

106 2955 140 3025 τὸ
163 2960 213 3046 μὲν
235 2957 289 3024 τοῦ
310 2951 503 3046 ὑποκειμένου,
526 2953 560 3022 τὸ
583 2958 614 3024 δὲ
633 2959 686 3023 ταῶ
708 2951 861 3037 οὖσιῶδους
883 2953 970 3044 λόγου
993 2960 1160 3046 δηλωτικόν.
1194 2965 1268 3028 Zel-

108 3074 168 3139 lius
190 3070 227 3136 ri
242 3073 282 3137 ad
304 3093 405 3156 genus
427 3071 538 3150 refert,
561 3069 602 3150 τίς
625 3071 665 3134 ed
688 3072 888 3157 qualitatem3
914 3074 1003 3157 quasi
1024 3075 1087 3138 hoo
1108 3071 1181 3134 loeo
1203 3091 1269 3133 non

108 3193 280 3272 quaeratur
295 3181 335 3248 de
350 3203 464 3268 genere
479 3181 695 3262 beatitudinis,
719 3203 792 3248 cum
807 3205 919 3250 omnes
933 3188 967 3252 in
982 3186 1094 3251 eadem
1110 3203 1270 3247 summum

109 3297 231 3362 bonum
255 3293 395 3380 positum
415 3315 490 3359 esse
507 3295 699 3359 eoncedente
724 3297 781 3360 sed
803 3280 922 3380 potius,
946 3294 1045 3380 qualis
1068 3294 1120 3374 sit,
1143 3315 1271 3378 nempe,

109 3421 144 3474 ut
167 3405 549 3493 sequentis'ostendunt,
583 3405 649 3471 sive
672 3399 829 3492 voluptas
842 3407 909 3472 sive
931 3405 1058 3472 divitiae
1080 3407 1148 3471 sive
1169 3407 1273 3470 honor

110 3533 170 3587 ete.
217 3519 289 3585 Nee
311 3526 455 3604 pugnent
476 3517 556 3583 h'sec
577 3541 650 3584 eum
672 3519 827 3584 Eustratii
857 3518 1078 3603 explicatione.
1123 3515 1169 3581 Ti
1186 3515 1272 3581 enim

110 3635 160 3717 (ad
184 3625 342 3709 οὐσιῶδαυς
364 3624 451 3714 λόγον
472 3629 619 3712 relatum)
643 3638 693 3694 est
715 3623 808 3707 otro,
831 3640 869 3694 ut
891 3649 1017 3713 semper
1038 3627 1123 3712 a'pud
1145 3628 1271 3696 Aristo-

109 3747 216 3822 telem,
246 3742 387 3808 essentia
409 3742 459 3807 vel
481 3751 594 3808 natura
617 3739 747 3828 alicujus
769 3741 815 3806 rei
838 3741 871 3805 in
893 3741 1087 3821 universum,
1110 3761 1190 3826 quae
1213 3741 1270 3806 de·

109 3853 476 3936 finitione'oo'ntinemr3
499 3863 533 3919 et
555 3854 617 3920 hoo
639 3855 711 3920 loeo
734 3847 768 3918 τὸ
790 3853 822 3918 τί
842 3854 904 3938 (vel
926 3847 961 3917 τὸ
984 3851 1017 3918 τί
1035 3839 1067 3938 ῶν
1089 3851 1182 3936 εἶναι),
1205 3852 1226 3917 i.
1242 3875 1271 3918 e.

109 3991 210 4056 genus
234 3966 452 4044 beatitradinis,
475 3975 563 4032 esset
585 3987 744 4032 summum
766 3965 899 4032 bonum.
946 3963 997 4045 rt
1020 3966 1071 4050 (ad
1091 3957 1273 4051 ὑποκειμένου
1374 4001 1378 4008 -

109 4081 258 4163 relatum)
283 4079 323 4144 de
346 4077 490 4163 subjecto
513 4079 564 4144 vel
585 4077 719 4144 materia
738 4076 871 4163 intelligi
885 4075 1034 4143 deberetr
1057 4099 1175 4164 nempe
1194 4099 1274 4163 quse

111 4193 151 4257 sit
173 4191 310 4257 materia
331 4191 383 4255 vel
398 4191 542 4276 qualitas,
566 4213 628 4276 qua
651 4199 778 4255 constet
799 4211 960 4256 summum
982 4190 1059 4257 illud
1080 4190 1211 4268 bonum,
1235 4188 1275 4253 de

110 4307 200 4393 eujus
217 4301 405 4369 definitione
421 4301 625 4381 conveniunt,
647 4311 755 4368 utrum
769 4303 917 4388 voluptas
931 4303 984 4382 sit,
1003 4299 1191 4404 nnssdivitiae
1214 4309 1275 4366 etc.

111 4409 406 4483 verumenimvero
432 4407 620 4499 ὑποκείμενον
647 4423 682 4478 et
720 4407 805 4479 οὐσία
842 4424 918 4479 sunt
950 4414 1034 4498 apud
1068 4411 1274 4479 Aristotelem

114 4529 272 4613 (Metaph.
295 4527 328 4608 l,
352 4527 386 4610 3)
415 4547 512 4592 eausa
534 4525 705 4590 materialis
729 4535 764 4590 et
785 4547 881 4590 causa
902 4525 1063 4604 formalis3
1092 4536 1125 4590 et
1147 4524 1275 4590 ad'ior·
1388 4589 1393 4594 ,

1046 4629 1076 4684 2.
