3064 5036
266 336 290 406 4
541 337 719 394 commun.
748 337 1146 396 denuntiantium.
1186 375 1188 380 -

266 565 301 622 et
321 551 436 638 ποίησις
457 549 693 640 distinguuntur
713 553 795 618 infra
814 551 895 618 libro
917 553 971 632 v1,
993 576 1022 619 e.
1038 555 1070 633 2,
1094 553 1124 638 d.
1147 553 1167 620 5
1189 561 1223 617 et
1244 571 1272 616 c.
1288 552 1321 632 5,
1344 551 1374 635 ὁ.
1390 553 1421 619 l.

267 666 422 753 Operatio
444 665 515 752 ipse
535 666 610 732 finis
630 675 685 732 est
705 687 755 732 en.
777 687 822 749 gr.
845 666 879 730 in
898 666 1028 732 actione
1053 663 1235 750 plu'losophi
1256 662 1423 757 veritptem

150 763 165 790 ⁸
266 777 524 863 contemplantis.
567 777 736 864 Ejusmodi
763 785 839 842 sunt
857 797 984 862 quoque
1011 797 1124 844 omnes
1146 777 1299 843 virtutum
1322 775 1423 840 aetio·

266 913 335 958 nes.
383 890 477 976 Opus
505 897 613 956 autem
641 888 715 954 finis
738 897 790 955 est
810 887 944 954 texturis
964 889 1089 955 mone
1110 911 1169 954 sua
1189 909 1332 973 pannum
1355 887 1423 952 elfi-

266 1002 398 1083 eientia,
428 1002 545 1067 sutoris
569 1001 727 1082 calceum,
753 999 900 1066 statuarii
920 1007 1059 1066 statuam
1079 1008 1142 1067 ete.
1174 1000 1346 1086 ·(Metaph.
1368 999 1424 1078 IX,

266 1139 294 1182 c.
318 1114 364 1198 8).
409 1114 475 1180 Sed
504 1113 601 1180 etiam
629 1113 663 1178 iu
692 1111 812 1179 artibus
840 1113 999 1198 operatio,
1027 1134 1094 1178 non
1122 1133 1222 1198 opus,
1249 1110 1322 1176 finis
1352 1132 1425 1176 esse

266 1235 396 1312 potest,
423 1235 461 1291 ut
482 1235 673 1292 notaverunt
694 1224 923 1310 Paraphrastes
953 1233 986 1290 et
1007 1223 1206 1304 Euslratius3
1234 1222 1311 1288 artis
1334 1223 1424 1308 equi-

266 1338 355 1404 tandi
378 1337 463 1404 enim
484 1337 559 1404 finis
581 1346 632 1403 est
652 1335 736 1403 bene
758 1336 1004 1422 equitare,·uon
1028 1357 1109 1422 opus
1132 1335 1269 1421 aliquod.

356 1451 386 1535 §-
408 1451 441 1518 4.
478 1441 536 1515 tut
559 1447 624 1535 μίαν
646 1442 709 1514 τινὰ
732 1442 856 1534 δύναμιν)
879 1441 981 1532 ἀρετήν
996 1449 1085 1528 Vrat,
1109 1449 1197 1516 CCC
1216 1447 1261 1530 (in
1283 1446 1425 1532 margine

265 1558 390 1649 δύναμιν)
416 1571 450 1628 et
463 1560 604 1647 plerique
618 1560 751 1627 Victorii
771 1560 899 1626 eodiees
922 1561 1116 1645 (inquorum
1131 1559 1260 1645 quidem
1281 1559 1424 1644 margine

264 1677 343 1740 item
366 1674 561 1758 adscriptum
591 1665 733 1759 direpta),
760 1673 893 1752 Aldina,
924 1671 1100 1750 Victorius,
1131 1670 1319 1750 liunebus,
1348 1671 1424 1736 Mo·

267 1787 384 1865 rellius,
400 1784 632 1865 Wilkinsonus,
655 1785 785 1850 Zelliua.
820 1782 1031 1851 casaubonus
1054 1777 1168 1870 ὃύναμιν
1190 1783 1288 1850 ede‘ue
1302 1783 1425 1867 primus

266 1907 406 1965 veterem
442 1896 530 1962 illam
565 1897 736 1965 lectionem
764 1899 837 1983 jure
874 1897 1019 1964 correxit.
1075 1897 1138 1962 Est
1170 1895 1299 1982 quidem
1336 1888 1425 1978 αἱρετή

267 2009 452 2096 saepissime
475 2030 572 2076 sensu
591 2009 711 2095 vulgari
733 2018 767 2074 et
788 2009 979 2094 improprio:
1012 2010 1145 2090 mans,
1175 2009 1346 2090 indutie,
1368 2029 1424 2092 pe·

267 2127 352 2188 ritia.
390 2122 456 2187 Sed
479 2131 580 2186 artem
604 2120 831 2202 merientium,
853 2144 931 2208 quas
950 2122 1013 2186 hoe
1026 2121 1099 2186 loeo
1113 2119 1303 2186 Aristoteles
1325 2120 1423 2205 signi-

266 2233 354 2299 ficari
369 2234 446 2312 vult,
470 2233 606 2299 solemni
620 2233 776 2299 vocabulo
792 2253 918 2317 semper
933 2227 1060 2318 δυνάμεις
1082 2240 1255 2316 nuncupat,
1276 2239 1315 2296 ut
1327 2232 1424 2315 paulo

266 2346 356 2410 infra
369 2368 396 2410 e.
421 2345 453 2424 2,
477 2346 506 2430 p.
531 2345 551 2412 3
575 2355 609 2411 et
631 2344 662 2424 6,
685 2354 720 2411 et
740 2344 774 2410 in
793 2343 1025 2434 Metaplrysicis
1046 2342 1181 2430 ubique;
1202 2363 1262 2408 nec
1283 2364 1424 2428 unquam

265 2457 342 2524 totis
365 2459 398 2523 in
420 2456 545 2524 Ethicis
568 2451 658 2543 ἀρετή
687 2457 748 2522 alio
776 2478 874 2522 sensu
895 2463 1079 2542 usurpatur,
1109 2477 1147 2522 ee
1167 2453 1297 2540 proprio
1326 2476 1423 2520 sensu

266 2569 402 2636 virtutis.
458 2571 533 2637 Jum
567 2591 666 2636 sensu
702 2577 846 2634 nostram
878 2567 1048 2634 lectionem
1082 2559 1196 2652 δύναμιν
1229 2565 1422 2652 postulante,

265 2703 336 2746 eam
370 2681 516 2745 codicum
544 2702 672 2766 quoque
706 2679 894 2744 auctoritate
920 2677 1141 2744 confirmatam
1168 2677 1324 2746 videmus.
1374 2679 1422 2742 Ita

265 2791 351 2855 enim
373 2792 484 2875 legunt
513 2811 627 2855 omues
656 2809 713 2854 sex
733 2787 872 2856 Bekkerl
900 2789 1028 2856 codices
1057 2790 1151 2875 (inter
1173 2811 1254 2876 quos
1275 2791 1421 2856 Lauren-

265 2902 372 2968 tianus
396 2902 563 2968 Cardwelli
584 2911 618 2966 et
638 2901 825 2967 Parisiensis
848 2921 942 2966 meus
962 2903 1015 2985 A),
1037 2910 1203 2988 praeterea
1222 2903 1262 2981 B,
1286 2904 1326 2981 C,
1349 2903 1421 2980 Par,

264 3015 317 3094 El,
332 3015 366 3080 N
367 3015 395 3080 C
412 3013 457 3099 (in
471 3013 612 3098 margine
626 3007 752 3098 ἀρετήν),
774 3021 808 3078 et
822 3011 965 3078 nonnulli
980 3014 1109 3080 codices
1121 3013 1264 3094 Victorii,
1286 3015 1421 3093 Veneta,

264 3127 507 3212 Paraphrestes,
538 3125 736 3202 Eusmatius,
760 3126 991 3210 Argyropylua,
1013 3126 1209 3206 Felieianus,
1231 3125 1422 3204 Lambinus,

266 3239 398 3316 Goraes,
417 3237 621 3316 Oardwellus,
636 3233 813 3302 Bekkeru's.
846 3237 1044 3304 Eusuatiuss
1066 3232 1180 3325 &lepra
1201 3237 1234 3303 al
1254 3231 1305 3323 τὴν
1321 3237 1423 3323 τέχνην

265 3343 395 3434 ὠνόμασε
418 3341 469 3414 aad
491 3341 526 3411 τὸ
549 3343 656 3425 dunler,
682 3339 701 3430 ἡ
723 3341 778 3431 γὰρ
801 3337 857 3432 ὅλη
880 3343 1005 3434 δύναμις·
1033 3345 1082 3416 καὶ
1110 3350 1141 3414 el
1162 3349 1265 3434 τέχναι
1294 3343 1423 3436 dmdprrg

265 3453 301 3538 ὡς
324 3452 502 3544 ἐνδεχόμεναι
524 3454 573 3524 καὶ
600 3452 635 3524 τὸ
658 3457 892 3545 ἓπαμφοτερΐζειν
915 3455 1038 3543 ἔχουσαι
1059 3458 1129 3544 περί
1146 3483 1178 3526 τε
1201 3455 1351 3544 ἀπότευξιν
1373 3457 1423 3526 καὶ

263 3565 448 3654 κατόρθωσιν
471 3573 522 3654 (cf.
544 3571 643 3640 Arist.
666 3573 754 3650 Met,
777 3571 837 3651 lX,
861 3573 893 3652 2,
916 3571 1014 3656 8·9)·
1057 3574 1153 3640 Artes
1175 3571 1325 3641 nimirum
1348 3583 1424 3639 sunt

263 3703 371 3749 merae
391 3683 569 3764 facultates,
590 3684 816 3750 necessitatem
836 3702 903 3748 non
924 3683 1091 3765 habentes,
1114 3703 1187 3752 etum
1206 3685 1348 3764 materia,
1372 3686 1424 3751 eui

261 3794 380 3863 formas
405 3815 478 3858 suas
502 3793 699 3881 imprimunt,
720 3805 757 3861 ut
777 3793 940 3860 adactum
959 3795 1145 3881 procedent,
1169 3796 1366 3864 extrinsecus
1384 3797 1422 3864 iis

261 3905 338 3970 data
361 3905 412 3971 sit.
428 3941 473 3956 -·-
488 3903 741 3992 χαλινοποιητική)
764 3903 1037 3974 Bekkemsuniei
1059 3905 1178 3974 cadius
1194 3909 1422 3991 (Laurentiani,

263 4013 323 4100 Kb)
353 4017 581 4084 auctoritatem
604 4028 733 4085 secutus
760 4013 965 4104 χάλινοποιικῆ
986 4017 1101 4099 edidit,
1122 4027 1288 4104 pugnante
1306 4041 1369 4086 usu
1389 4029 1424 4086 et

263 4128 416 4212 analogia.
468 4129 661 4195 carduellus
681 4153 724 4196 ne
746 4131 837 4196 affert
858 4131 986 4216 quidem
1006 4129 1102 4196 istam
1125 4130 1297 4198 leetionem
1319 4153 1338 4198 e
1363 4151 1423 4198 suo

263 4239 384 4306 codice.
399 4279 444 4293 -
470 4237 503 4304 el
524 4234 641 4324 τρόπον)
666 4235 704 4325 δή
724 4261 783 4326 pro
806 4241 840 4305 δέ
858 4242 960 4309 Bekk.
983 4243 1052 4310 sine
1072 4243 1159 4310 varia
1178 4242 1324 4310 eodieum
1345 4265 1422 4309 suo-

263 4373 335 4416 rum
347 4351 502 4432 lectione3
519 4351 577 4416 sed
588 4351 714 4437 saepius
725 4353 987 4438 permutanturin
998 4352 1087 4420 libris
1098 4355 1178 4421 istae
1188 4353 1421 4440 particulae.-

265 4463 291 4528 ἐν
306 4455 435 4543 άπάσαις
451 4461 494 4550 δέ)
517 4463 677 4532 Peneus
698 4463 733 4544 δέ
751 4465 847 4550 longa
864 4465 1048 4552 parenthesi
1068 4465 1244 4554 interjecta,
1264 4465 1423 4554 apodosin
