3064 5036
246 339 323 394 XXX
664 335 831 409 Conrpeetur
855 339 916 396 iibri
937 343 982 397 vl.

314 561 340 602 u.
362 543 478 612 Caput
498 542 656 594 tertium:
679 538 719 594 De
740 540 859 594 erientia.

343 648 371 681 a.
391 621 587 674 Enumerantur
607 617 724 690 quinque
743 619 859 688 habitur,
879 623 1075 680 existimatione
1102 634 1130 681 et
1154 629 1280 700 opinione
1308 640 1399 688 tamen

392 701 515 755 excluair.
536 702 563 765 5.
585 694 611 754 1.

342 793 370 851 β.
392 778 535 848 Objectum
556 779 682 832 scientiae
702 795 760 834 eree
780 795 822 832 ree
846 784 1010 836 necessariae
1030 792 1057 838 et
1077 792 1207 844 aeternae.
1228 791 1254 854 5.
1275 785 1302 846 2.

343 887 372 930 γ.
393 859 538 914 Scientirm
559 865 606 910 ant
624 857 780 912 inductione
794 865 841 910 ant
861 859 1089 918 demonstratione
1100 869 1257 936 comparari.
1270 872 1295 936 5.
1307 865 1396 928 3-4,

311 941 335 994 b.
357 939 473 1009 Caput
492 944 666 1010 quartum:
687 938 729 991 De
750 945 814 990 arte.

340 1045 368 1077 a.
390 1017 472 1079 Quod
492 1017 543 1072 rub
563 1016 728 1070 effectionem
749 1017 836 1082 venit,
857 1016 962 1072 differre
983 1019 1016 1073 ab
1031 1038 1073 1087 eo,
1094 1023 1167 1094 quud
1188 1025 1396 1097 subactionem,
1466 1033 1480 1042 ”

389 1099 495 1232 {tingri
522 1104 663 1166 utrumqne
689 1113 783 1150 eorum
810 1097 860 1162 rit,
887 1113 957 1169 quae
987 1101 1063 1154 aliter
1087 1103 1192 1158 evenire
1219 1118 1341 1176 puerunt.
1367 1114 1395 1176 5.

338 1269 365 1327 β.
387 1259 477 1310 Artem
497 1272 557 1310 erre
577 1251 698 1307 habitum
718 1252 752 1307 nd
773 1252 942 1310 efficiendum
963 1256 1090 1313 idoneum
1117 1278 1178 1316 cum
1207 1280 1268 1318 vera
1292 1261 1394 1322 ratione

387 1334 570 1404 conjunctum.
591 1337 617 1399 5.
638 1326 666 1388 3.

336 1440 367 1483 y.
388 1415 466 1477 Quae
486 1411 660 1475 cimeteria,
681 1410 751 1466 eirca
770 1429 851 1483 quam
872 1422 992 1470 verrente
1010 1432 1064 1469 are.
1085 1418 1112 1482 5.
1131 1415 1221 1475 4-5.

337 1491 363 1552 d.
384 1494 508 1548 inertiam
528 1490 718 1547 etsehabitum
738 1492 773 1545 ad
793 1491 961 1548 efficiendum
981 1494 1107 1550 idoneum
1121 1513 1183 1552 cum
1204 1501 1308 1556 ratione
1325 1501 1393 1558 inira

388 1572 569 1643 conjunctum.
590 1573 616 1636 5.
638 1564 666 1626 6.

307 1671 330 1708 e.
351 1653 466 1722 Caput
485 1651 659 1724 quintum:
680 1650 721 1704 De
740 1649 890 1721 prudentia.

336 1759 363 1792 ι.
384 1732 546 1786 Prudentem
566 1747 625 1785 esee
644 1745 715 1794 eum,
736 1731 783 1801 qui
802 1729 831 1783 in
850 1729 892 1794 iia,
912 1747 982 1802 quae
1002 1732 1037 1786 ad
1063 1732 1131 1788 bene
1151 1733 1281 1808 beateque
1302 1739 1391 1796 riven-

384 1811 449 1864 durn
468 1811 629 1874 conducent,
650 1808 718 1864 bene
738 1811 888 1864 consultare
908 1810 1004 1881 poerit.
1026 1807 1054 1884 §-
1077 1807 1164 1868 1-2,

334 1905 363 1964 ρ.
384 1890 555 1946 Prudentiam
568 1907 655 1961 neque
675 1889 890 1954 scientiameaee,
910 1889 974 1960 quia
993 1891 1067 1962 quod
1088 1892 1138 1946 rub
1154 1893 1287 1949 actionem
1307 1897 1387 1964 veuit,

384 1987 443 2024 aere
463 1970 538 2024 aliter
558 1969 656 2024 habere
676 1976 780 2040 puteat:
800 1976 999 2039 nequeuntem,
1019 1971 1166 2041 quinaliud
1180 1975 1294 2030 actioni·
1315 1978 1387 2032 uliud

385 2049 532 2104 effectionis
552 2056 594 2104 ent
613 2065 706 2119 genua.
728 2050 754 2114 5.
776 2041 803 2105 3.

333 2156 362 2203 γ.
383 2129 555 2183 Prudentiam
575 2146 634 2182 ease
654 2127 777 2182 habitum
797 2143 859 2180 cum
873 2126 983 2181 ratione
996 2145 1059 2183 vera
1078 2129 1250 2200 conjunctum
1261 2133 1387 2206 adagen·

382 2209 447 2262 dum
467 2209 603 2273 idoneum,
622 2208 650 2261 in
671 2205 750 2260 bonis
769 2206 894 2259 humanis
914 2217 1083 2278 occupatum.
1104 2213 1131 2275 5.
1151 2205 1238 2266 4-6.

332 2284 358 2348 d.
380 2288 551 2343 Prudentiam
571 2303 625 2340 nou
647 2303 704 2340 erae
725 2293 823 2349 artem,
843 2285 890 2338 aed
911 2287 1035 2340 virtutem
1056 2288 1113 2358 ejue
1133 2289 1215 2344 animi
1241 2291 1325 2361 partia
1345 2311 1386 2346 ra·

382 2368 454 2422 tione
474 2367 617 2503 pgaeditae,
637 2383 704 2437 quac
725 2363 759 2418 nd
779 2363 992 2419 ratiocinandum
1006 2356 1046 2422 rel
1067 2367 1102 2422 ad
1122 2370 1286 2440 opinandum
1307 2374 1384 2428 valet.

301 2528 328 2582 d.
349 2526 459 2598 Caput
478 2533 628 2581 eentum:
649 2523 690 2578 De
710 2523 853 2578 intellectu.

331 2631 359 2663 a.
381 2607 474 2680 Neque
494 2605 639 2669 scientiam,
660 2620 747 2674 neque
767 2612 859 2669 artem,
879 2621 966 2674 neque
983 2603 1221 2674 prudentiamerae
1241 2608 1384 2679 principio·

380 2703 449 2752 rum,
470 2685 679 2756 sapientiamque
698 2699 753 2736 nou
774 2683 965 2753 principiorum
985 2690 1098 2737 tantum.
1119 2686 1146 2750 5.
1168 2679 1194 2741 1.

329 2777 357 2836 β.
378 2765 572 2837 Principiomm
592 2780 650 2817 erae
670 2764 840 2816 intellectum.
865 2764 891 2826 5.
912 2755 940 2816 2.

300 2864 321 2900 e.
342 2845 456 2916 Caput
476 2842 677 2914 septimum:
697 2841 739 2895 De
760 2839 898 2911 sapientia.

328 2949 355 2982 a
379 2924 531 2996 Sapientem
550 2921 578 2975 in
598 2920 687 2992 specie
706 2937 765 2974 enee
784 2935 848 2973 auae
862 2935 994 2991 quemque
1014 2919 1079 2974 artie
1095 2921 1294 2992 peritiorimum,
1315 2921 1380 2991 5.1.
1472 2973 1475 2978 .

327 3016 355 3075 β.
375 3002 540 3074 Sapientiam
560 2999 588 3054 iu
607 2999 761 3054 univercum
776 2997 946 3053 scientiarum
967 2998 1087 3053 omnium
1107 3019 1166 3056 erre
1186 3004 1380 3058 limatieeimam

377 3092 405 3137 et
424 3082 659 3136 absolutissimam.
680 3081 706 3144 5.
727 3071 813 3134 2-3.

327 3189 356 3233 γ.
379 3160 524 3224 Quomodo
544 3157 675 3230 sapientia
694 3165 722 3211 et
741 3156 883 3228 prudentia
902 3158 971 3211 inter
991 3175 1020 3210 ae
1040 3156 1169 3231 diffepant.
1191 3162 1218 3225 5.
1239 3156 1325 3218 4-8.

366 3267 412 3301 aa.
435 3238 597 3310 Sapientiam
623 3254 681 3292 esee
706 3235 843 3290 scientiam
870 3251 962 3290 earnm
990 3230 1079 3290 rerum
1105 3255 1175 3308 quae
1195 3248 1259 3294 eunt
1278 3241 1379 3295 honore

431 3318 603 3390 dignissimae
629 3324 740 3382 natura,
767 3314 837 3370 circa
862 3333 896 3370 ea
922 3323 1071 3370 verrentem
1098 3334 1166 3388 qnae
1197 3327 1259 3372 aunt
1285 3320 1379 3374 eadem

430 3398 503 3470 apud
523 3413 625 3461 omnen,
646 3395 763 3448 humana
782 3393 896 3466 denique
916 3393 990 3449 bona
1009 3411 1065 3450 non
1085 3403 1229 3450 curantem.
1252 3395 1378 3464 §.d-6.

364 3489 411 3550 ep.
432 3475 605 3532 Prudentiam
625 3474 723 3529 vernari
743 3475 772 3527 in
791 3473 872 3528 rebue
892 3473 1026 3542 humanit,
1047 3491 1115 3546 quae
1136 3477 1212 3530 aiiter
1232 3495 1261 3531 ae
1281 3477 1378 3533 habere

430 3564 567 3692 potsunt,7
575 3553 727 3690 de8quibue
746 3551 893 3608 conrultari
914 3561 1014 3625 potent,
1034 3571 1157 3626 quaeque
1177 3563 1242 3610 runt
1262 3557 1379 3628 ringula-

429 3653 480 3690 rer.
501 3639 526 3702 5.
567 3665 603 3676 -
629 3673 635 3687 .

265 3711 293 3772 3.
314 3716 354 3770 De
374 3714 516 3787 prudentia
535 3713 685 3768 mcuretina
706 3711 870 3782 explicanda.
890 3729 914 3766 e.
935 3705 1043 3768 8-13.

293 3813 318 3849 o.
339 3795 455 3866 Caput
474 3801 649 3847 octavum:
669 3792 711 3846 De
731 3790 853 3863 partibus
872 3790 1039 3862 prudentiae.

323 3897 350 3932 a.
372 3874 413 3928 De
434 3873 545 3927 diversio
565 3870 708 3942 generibus
727 3870 812 3924 civilia
832 3870 998 3942 prudentiae.
1021 3871 1047 3935 5.
1069 3863 1156 3926 1-3.

321 3966 349 4024 β.
370 3953 428 4006 Etei
447 3951 597 4024 prudentia,
616 3952 724 4022 proprie
744 3949 783 4004 aio
803 3949 882 4015 dicta,
902 3950 938 4005 ait
957 3948 1059 4019 rpeciea
1085 3952 1215 4020 quaedam
1246 3951 1379 4021 cognitio-

371 4034 422 4097 nis,
442 4050 489 4086 ereo
509 4040 599 4085 tamen
618 4048 692 4085 norae
718 4028 900 4083 definitionem
927 4027 985 4098 ejus
1013 4044 1068 4082 uon
1089 4027 1240 4095 absolvere,
1261 4039 1379 4100 quatuor

370 4110 501 4182 probatur
520 4110 679 4165 rationibus.
701 4111 727 4174 5.
747 4103 835 4164 4-7.

360 4215 407 4251 aa.
428 4190 599 4262 Quamquam
618 4189 685 4244 haee
703 4187 847 4258 prudentia
865 4185 938 4240 eirca
956 4183 1165 4256 uuinacujnaqne
1184 4185 1378 4260 bonaeteom·

425 4269 507 4324 mode
526 4276 653 4334 venetur,
674 4275 763 4321 tamen
782 4265 840 4320 eine
860 4266 899 4320 rei
918 4263 1056 4318 familiaria
1076 4266 1167 4336 reique
1180 4266 1302 4338 publicae
1312 4282 1378 4321 eura

424 4368 482 4405 erae
502 4365 557 4404 uon
576 4364 665 4419 ponae.
686 4348 712 4410 5.
732 4339 761 4400 d.

360 4440 407 4502 μβ.
427 4427 599 4485 Prudentiam
618 4428 701 4494 ionga
719 4429 823 4476 tantum
844 4421 1005 4494 experienti:
1024 4421 1133 4494 acquiri.
1154 4425 1181 4490 5.
1201 4417 1288 4480 5-6.
