3064 5036
493 355 661 432 oon-paea·
681 355 742 411 nm
762 355 796 412 x.
934 378 939 384 ·
1130 361 1230 418 mvn

302 555 475 620 curatiorem,
502 557 695 614 diuturniorem
716 567 743 612 et
770 559 907 612 meliorem
933 577 992 615 eam
1014 561 1135 629 reddant,
1156 566 1232 618 volu-

301 646 389 707 ptates
410 638 497 708 specie
518 639 586 691 inter
606 659 635 693 se
657 640 768 695 differre.
790 641 813 707 ὁ.
836 633 922 695 3-6.

214 732 260 793 μβ.
281 719 440 788 Voluptates
462 718 549 789 speeie
571 719 826 790 differre-respectu
856 719 999 789 probitatis
1020 729 1047 775 et
1075 722 1230 794 improbita-

282 798 325 863 tis,
346 798 409 868 quia
429 799 599 868 operationes
620 800 742 853 bonitate
764 808 790 853 et
811 799 875 853 vitio
891 799 959 854 inter
974 819 1002 854 se
1017 802 1148 858 differunt.
1165 805 1187 871 §.
1202 799 1230 859 7.

214 906 264 952 W.
280 878 438 932 Ostenditur
466 879 605 933 diversitas
636 883 804 952 voluptatum
840 898 871 934 ex
906 881 1093 951 operationum
1127 883 1231 937 diversa
1283 913 1286 926 ‹

285 958 446 1014 sinceritate.
468 960 491 1026 §.
512 955 540 1014 8.

213 1036 258 1100 lb.
281 1039 375 1111 Specie
395 1039 464 1092 inter
485 1057 513 1093 ae
534 1038 637 1094 differre
657 1042 808 1110 voluptates
829 1047 939 1111 propter
964 1041 1145 1096 diversitatem
1169 1042 1232 1096 aub-

279 1119 421 1188 jectorum,
441 1118 469 1172 in
491 1118 587 1191 quibus
608 1121 796 1191 suscipiuntur.
819 1123 845 1185 S.
866 1115 973 1176 9-12.

255 1219 279 1255 a.
300 1198 476 1264 Animalium,
502 1218 569 1270 quac
596 1201 682 1271 speeie
710 1201 848 1267 differunt,
880 1202 967 1272 specie
995 1219 1100 1274 quoque
1128 1203 1231 1258 differre

305 1281 464 1350 voluptates.
487 1282 512 1344 δ.
534 1275 561 1336 9.

254 1360 278 1416 b.
300 1359 331 1412 In
357 1361 417 1428 ipro
448 1377 543 1428 genere
571 1359 687 1413 humano
713 1360 856 1416 maximam
884 1363 1050 1433 voluptatum
1078 1363 1232 1417 varietatem

301 1438 470 1495 intercedere.
494 1442 519 1503 S.
543 1433 589 1494 10.

255 1535 276 1574 t.
296 1519 387 1572 Bonas
407 1537 465 1572 esse
486 1521 645 1590 voluptates,
665 1537 732 1590 quae
753 1519 826 1574 bono
841 1519 898 1573 viro
920 1522 985 1574 tales
1001 1520 1129 1575 videntur.
1146 1525 1171 1587 ὃ.
1186 1517 1231 1578 11.

253 1602 277 1654 b.
297 1598 422 1652 Hominis
444 1601 593 1669 voluptates
615 1617 659 1652 eas
680 1601 751 1653 solas
776 1601 882 1671 proprie
909 1600 1034 1654 dicendas
1062 1619 1135 1668 esse,
1164 1620 1232 1673 quac

303 1679 412 1750 perlecti
433 1687 460 1732 et
480 1678 553 1732 beati
573 1679 622 1733 viri
642 1680 811 1749 operationes
831 1681 979 1751 perficiunt.
1002 1683 1027 1745 S.
1051 1675 1096 1736 12.

122 1755 146 1816 2.
164 1761 203 1815 De
223 1759 367 1814 felicitate:
388 1776 411 1811 c.
432 1753 519 1814 6-8.

147 1859 169 1896 α.
189 1842 303 1911 Caput
322 1846 471 1894 sextum:
493 1839 534 1891 De
555 1837 717 1892 beatitudine
738 1840 765 1892 in
787 1855 890 1908 genere.

175 1947 200 1980 a.
221 1919 421 1976 Beatitudinem
442 1935 498 1972 non
518 1935 576 1972 esse
597 1918 726 1984 habitum,
747 1919 794 1974 sed
821 1921 1004 1990 operationem
1024 1937 1083 1988 per*
1099 1939 1127 1974 se
1156 1930 1232 1994 opta-

222 2001 315 2054 bilem.
337 2001 362 2063 §.
386 1992 471 2054 1-2.

173 2094 199 2151 β.
221 2081 279 2134 Cur
298 2095 354 2130 non
375 2079 402 2130 in
423 2079 486 2131 ludo
507 2076 562 2130 vita
583 2077 663 2131 beata
682 2077 771 2148 posita
792 2079 835 2145 ait,
857 2079 947 2133 sedin
969 2079 1119 2135 actionibus
1140 2081 1232 2136 virtuti

222 2158 421 2214 consentaneis.
446 2159 472 2223 ὃ.
494 2150 580 2214 3-7.

213 2266 262 2300 aa.
288 2239 377 2292 Prima
403 2238 481 2292 ratio.
508 2237 700 2309 Operationem
727 2256 741 2291 c
767 2239 829 2292 ludo
858 2248 885 2292 et
907 2238 971 2308 joco
998 2241 1147 2312 profectam
1175 2242 1231 2296 viro

282 2319 365 2454 bong,
386 2327 513 2389 tanquam
533 2336 641 2372 normae
663 2326 689 2372 et
709 2321 814 2388 regulae
829 2319 902 2385 boni,
924 2337 979 2374 non
996 2322 1125 2391 optimam
1140 2322 1230 2376 videri.

210 2491 260 2551 ββ.
283 2477 406 2532 Secunda
427 2477 503 2533 ratio.
531 2477 645 2541 Ludum,
672 2485 702 2529 ut
729 2477 861 2548 requiem,
888 2495 944 2532 non
964 2480 1044 2532 finem
1071 2498 1145 2546 esse,
1171 2499 1231 2536 cum

283 2557 447 2629 operationis
467 2558 554 2628 gratia
574 2557 739 2628 quiescamus
760 2564 786 2610 et
806 2575 948 2610 cessemus.
971 2561 996 2622 S.
1019 2553 1045 2614 6.

212 2665 265 2709 w·
280 2638 371 2691 Tertia
396 2638 473 2691 ratio.
501 2637 626 2690 Meliores
656 2655 715 2690 esse
743 2655 784 2690 res
813 2636 894 2691 serias
929 2638 1045 2692 ridiculis
1071 2638 1231 2712 ludicrisque

286 2735 317 2772 ac
334 2716 446 2785 jocosis.
469 2721 494 2782 S.
516 2713 543 2772 7.

174 2825 202 2868 γ.
224 2799 355 2869 Corporis
369 2801 533 2868 voluptatum
554 2795 709 2867 operatione
723 2795 829 2850 beatam
843 2797 925 2850 vitam
938 2814 994 2851 non
1008 2798 1147 2854 contineri.
1162 2802 1187 2866 S.
1203 2794 1230 2858 8.

148 2879 170 2932 h.
191 2879 304 2950 Caput
325 2879 524 2947 septimum:
546 2877 586 2930 Dc
607 2877 770 2930 beatitudine
791 2880 1005 2947 contemplativa.

175 2985 200 3018 a.
222 2957 484 3012 Praestantissimum
504 2956 696 3010 beatitudinem
720 2975 778 3010 esse
805 2960 987 3027 operationem
1016 2960 1161 3014 secundum
1182 2961 1233 3014 vir·

224 3045 311 3092 tutem
335 3037 445 3102 mentis,
474 3037 491 3094 i.
513 3055 535 3090 e.
557 3036 614 3106 ejus
640 3038 712 3109 quod
740 3055 833 3091 eorum
859 3055 928 3108 quae
956 3039 983 3091 in
1010 3039 1089 3092 nobis
1111 3049 1172 3094 suut
1194 3047 1234 3094 cst

226 3118 431 3172 divinissimum.
458 3119 483 3182 S.
507 3112 532 3172 1.

175 3210 202 3268 β.
224 3199 280 3252 Cur
301 3197 440 3250 beatitudo
460 3195 667 3266 contemplativa
686 3195 721 3248 sit
740 3195 976 3266 praestantissima.
1000 3200 1024 3262 δ.
1046 3192 1133 3253 2-7.

287 3303 333 3336 aa.
355 3277 444 3330 Prima
464 3278 541 3330 ratio.
563 3277 824 3346 Contemplationem
845 3295 902 3331 esse
923 3277 1141 3347 perfectissimam
1170 3295 1233 3348 ope-

349 3357 488 3410 rationem.
509 3360 535 3422 S.
556 3351 584 3420 2,
605 3359 622 3408 l.
644 3351 731 3412 3--5.
986 3353 993 3365 '

283 3450 332 3510 pe.
355 3436 477 3490 Secunda
497 3436 574 3490 ratio.
597 3435 858 3506 Contemplationem
880 3453 936 3490 esse
962 3435 1074 3490 maxime
1096 3435 1233 3490 assiduam

349 3516 541 3586 operationem.
563 3517 589 3579 S.
610 3509 638 3580 2,
659 3517 675 3568 l.
698 3512 784 3572 5-7.

287 3623 337 3667 γγ.
351 3597 442 3650 Tertia
462 3596 539 3649 ratio.
562 3595 722 3666 Sapientiam
755 3614 812 3650 esse
823 3594 1053 3665 jucundissimam,
1063 3594 1233 3665 purissimam

351 3683 377 3729 et
397 3675 595 3730 stabilissimam
617 3675 734 3729 omnium
755 3675 860 3730 virtutis
881 3675 1074 3746 operationum.
1097 3677 1119 3742 §.
1142 3669 1169 3732 3.

282 3753 327 3816 dd.
350 3757 453 3818 Quarta
473 3755 549 3810 ratio.
561 3755 767 3820 Beatitudinem,
782 3757 890 3826 quaein
905 3773 992 3809 rerum
1006 3755 1233 3826 contemplatione

351 3844 478 3902 versatur,
499 3835 611 3890 maxime
640 3836 691 3896 sibi
718 3836 892 3890 sufficientem
920 3853 992 3902 esse,
1018 3835 1155 3907 alienaque
1182 3854 1234 3908 ope

349 3915 467 3987 indigere
488 3916 604 3972 minime.
627 3918 652 3980 §.
674 3911 702 3971 d.

286 4022 318 4056 u.
351 3997 454 4058 Quinta
472 3997 549 4051 ratio.
571 3997 735 4051 Felicitatem
759 3994 992 4066 contemplativam
1019 3997 1104 4049 solam
1124 3999 1233 4066 propter

350 4095 379 4130 se
400 4075 482 4147 diligi.
503 4078 526 4144 §.
548 4072 575 4134 5.

285 4154 332 4230 ζζ.
355 4159 435 4212 Sexta
446 4157 522 4211 ratio.
539 4155 798 4228 Contemplationem
809 4153 836 4208 iu
847 4151 903 4206 otio
915 4152 998 4208 videri
1008 4153 1096 4208 sitam.
1109 4156 1134 4220 S.
1146 4148 1233 4210 6-7.

177 4263 206 4308 ‘l-
230 4238 366 4292 Summam
389 4221 457 4290 hand
478 4236 679 4299 beatitudinem,
700 4234 820 4307 quamvis
840 4251 896 4287 non
916 4234 951 4286 sit
971 4235 1103 4298 hominis,
1130 4234 1233 4288 homini

194 4369 199 4379 ,
229 4326 316 4370 tamen
337 4313 496 4387 competere
517 4335 576 4370 cum
598 4319 633 4370 sit
653 4317 736 4370 homo
757 4314 830 4385 quod
849 4313 878 4367 in
898 4331 930 4367 eo
946 4313 1015 4369 inest
1029 4313 1232 4370 divinissimum.

151 4491 172 4527 c.
193 4474 307 4546 Caput
329 4483 507 4529 octavum:
527 4475 569 4528 De
589 4473 754 4528 beatitudine
775 4471 868 4526 activa.

180 4579 207 4612 a.
229 4555 392 4612 Felicitatem
412 4554 527 4610 activam
540 4553 699 4609 'inferiorem
720 4570 777 4609 esse
799 4549 1012 4621 contemplativa.
1033 4552 1057 4618 §.
1080 4543 1166 4608 1·—8.
