3064 5036
547 350 714 422 omnem
734 348 797 406 rann
816 349 876 406 vn.
1115 423 1120 431 ἡ
1195 350 1300 406 xxxv

291 552 388 622 agendi
407 555 449 608 rel
468 561 541 609 recta
560 553 638 620 ratio,
659 571 727 626 qnae
757 560 800 607 est
827 551 945 626 optima,
972 551 1100 608 manserit
1128 551 1298 625 incorrupta:

291 633 320 685 in
340 634 531 705 intemperante
550 651 606 688 non
628 636 673 688 ita.
694 637 717 702 §.
739 627 827 689 3-5.

190 709 235 764 ·d.
259 709 375 784 Caput
401 731 543 770 nouum:
566 717 671 770 Solutio
691 721 793 785 quarta.
816 714 930 768 Tollitur
950 719 1044 784 quarta
1070 719 1098 766 et
1117 715 1196 767 tertia
1222 713 1300 768 dubi-

260 795 336 848 tatio.
358 795 400 848 De
421 797 582 849 continentis
603 803 630 848 et
649 795 792 864 pertinacia
813 795 1000 848 convenientia
1020 799 1047 846 et
1067 792 1222 849 differentia.

241 895 268 928 a.
291 873 467 928 Continentes
487 883 514 928 et
533 876 728 932 incontinentes
749 875 855 945 proprie
871 874 956 926 dictos
977 891 1037 927 esse
1057 890 1114 941 eos,
1134 876 1181 946 qui
1195 876 1222 928 in
1236 891 1299 929 vero

292 956 404 1008 consilio
432 962 588 1027 permanent
612 962 657 1006 aut
683 971 738 1007 non
766 961 935 1024 permanent:
964 955 1010 1025 qui
1044 955 1072 1008 in
1106 955 1241 1026 quolibet,
1270 974 1302 1010 ex

292 1042 388 1088 eventu
408 1042 513 1090 tantum
533 1037 570 1088 ita
589 1035 731 1088 nominari.
753 1036 777 1101 §.
800 1029 825 1090 1.

240 1127 269 1187 β.
292 1115 453 1182 Pertiuaoes,
474 1117 524 1169 etsi
545 1116 646 1169 similes
666 1115 864 1168 continentibus
886 1113 1039 1178 videantur,
1065 1120 1155 1168 tarmen
1183 1115 1302 1168 diversos

292 1213 359 1260 csse,
380 1213 450 1261 eum,
471 1198 576 1250 etiamsi
595 1197 664 1250 ratio
685 1197 761 1248 aliter
788 1195 913 1260 suadeat,
939 1195 1085 1265 cupiditate
1113 1202 1140 1248 et
1166 1198 1303 1266 voluptate

292 1278 364 1348 eapti
384 1279 412 1329 in
432 1295 480 1331 sua
499 1283 673 1347 permaneant
693 1277 826 1330 sententia
846 1273 1123 1346 incontinentibusque
1137 1278 1228 1346 potius
1249 1278 1303 1330 sint

293 1358 402 1410 similes.
424 1361 449 1423 S.
471 1351 559 1413 2-3.

241 1463 271 1507 γ.
294 1437 347 1497 Qui
368 1439 395 1490 in
416 1439 487 1490 mals
507 1437 640 1491 sententia
658 1442 769 1507 propter
789 1435 855 1489 honi
876 1434 1030 1506 cupidinem
1055 1451 1110 1488 non
1137 1443 1302 1506 permanent,

294 1533 378 1587 neque
385 1519 592 1588 intemperantes
600 1534 687 1588 neque
699 1514 839 1587 improbos
849 1533 935 1586 neque
950 1516 1144 1569 incontinentes
1158 1533 1225 1570 esse.
1238 1519 1258 1584 §.
1274 1511 1302 1570 4.

242 1592 269 1654 d.
293 1596 490 1651 Continentiam
503 1616 562 1652 esse
576 1597 786 1652 mediocritatem
800 1599 869 1650 inter
880 1596 933 1649 duo
944 1603 1061 1650 extrema
1068 1597 1171 1650 vitiosa.
1183 1598 1206 1664 §.
1215 1590 1302 1651 5-6.

245 1701 264 1734 ε.
296 1677 363 1730 Esse
382 1678 517 1749 quandam
545 1677 747 1732 similitudinem
767 1679 836 1731 inter
856 1683 1047 1746 temperantem
1067 1683 1094 1729 et
1114 1679 1303 1741 continentem,

296 1764 323 1810 et
342 1759 410 1812 inter
430 1759 650 1830 intemperantem
670 1765 697 1812 et
716 1759 935 1812 incontinentem.
955 1759 978 1824 ᾗ.
1001 1751 1090 1812 7-8.

212 1855 234 1892 e.
258 1835 370 1907 Caput
397 1838 578 1892 decimum:
606 1839 710 1892 Solutio
738 1839 838 1910 quinta.
876 1837 999 1892 Secunda
1031 1836 1162 1890 dubitatio
1193 1837 1303 1891 tollitur.

257 1917 430 1972 Prudentiam
450 1927 478 1973 et
498 1920 719 1974 incontinentiam
740 1919 819 1972 simul
840 1920 868 1971 in
888 1919 984 1972 eodem
1005 1935 1063 1972 esse
1082 1935 1138 1970 non
1155 1933 1243 1988 posse.

243 2021 270 2054 a.
292 1998 453 2053 Prudentem
474 2017 528 2052 non
549 2017 607 2054 esse
627 2000 845 2065 incontinentem,
866 2015 926 2052 cum
946 1997 1063 2068 prudens
1083 2014 1140 2051 non
1167 1999 1235 2051 sciat
1261 2014 1305 2050 so·

294 2080 359 2142 lum,
379 2079 426 2132 sed
453 2079 488 2133 ad
514 2097 556 2134 res
583 2081 664 2134 etiam
690 2079 807 2149 agendas
835 2081 870 2132 sit
896 2079 1025 2144 idoneus;
1054 2081 1188 2134 sollertem
1215 2085 1304 2133 antem

294 2159 361 2212 nihil
380 2159 526 2230 prohibere
547 2161 757 2214 incontinentem
778 2177 844 2214 esse.
865 2161 888 2227 i.
911 2154 997 2215 1-2.

243 2252 272 2312 ρ.
293 2239 506 2295 incontinentem
527 2258 541 2294 e
562 2240 673 2295 dimidia
693 2247 796 2294 tantum
815 2246 890 2312 parte
910 2242 1011 2294 malum
1038 2257 1112 2304 esse,
1140 2239 1203 2309 quia
1230 2238 1303 2292 bono

295 2322 417 2387 consilio,
438 2321 511 2392 quod
532 2321 640 2392 quidem
661 2319 713 2374 sibi
734 2328 782 2385 est,
803 2328 892 2374 tamen
913 2337 969 2374 non
989 2322 1079 2373 utitur.
1101 2321 1125 2386 §.
1146 2313 1252 2374 3-5.-

243 2427 273 2470 γ.
295 2400 489 2454 Sanabiliorem
500 2419 556 2454 esse
566 2402 787 2454 incontinentiam
797 2417 866 2470 quae
885 2417 900 2452 e.
917 2401 1073 2462 temeritate,
1091 2416 1172 2468 quam
1188 2417 1256 2470 quae
1273 2415 1305 2453 ex

295 2480 477 2534 imbecillitate
485 2483 611 2552 gignitur,
621 2498 740 2551 quaeque
755 2479 1041 2550 consuetudine‚quam
1054 2495 1121 2548 quae
1134 2486 1236 2534 nature.
1245 2473 1304 2546 §.ii

182 2555 213 2618 3.
234 2561 276 2614 De
297 2563 431 2632 voluptate
452 2568 479 2614 et
499 2561 601 2615 dolore:
621 2579 644 2614 e.
667 2554 794 2616 11-14,

214 2660 240 2698 u.
262 2640 376 2712 Caput
396 2641 625 2696 undecimum:
647 2641 723 2702 Quae
745 2641 777 2694 de
798 2642 935 2710 voluptate
955 2640 1096 2710 opiniones
1118 2640 1179 2695 sint.

245 2745 273 2780 a.
295 2722 423 2776 Rationes
445 2721 590 2775 afferuntur
610 2729 673 2786 tres,
695 2739 740 2776 eur
761 2721 794 2776 de
819 2723 954 2791 voluptate
975 2727 1002 2774 et
1029 2721 1121 2776 dolore
1142 2737 1305 2791 cognoscere

297 2803 332 2854 sit
363 2799 419 2870 ejus
446 2803 577 2868 hominis,
603 2804 649 2873 qui
675 2803 703 2856 in
728 2803 815 2857 civilis
850 2801 1006 2874 prudentiae
1034 2803 1123 2856 studio
1151 2819 1179 2857 se
1206 2799 1306 2856 versari

296 2883 443 2952 profitetur.
465 2884 488 2950 ξ.
511 2875 598 2938 1-2.

244 2976 272 3035 β.
293 2963 360 3016 Ττεε
382 2961 415 3016 de
435 2965 572 3032 voluptate
593 2962 734 3032 opiniones
754 2962 870 3016 breviter
889 2969 1086 3033 proponuntur.
1108 2963 1130 3030 §.
1153 2956 1180 3020 3.

245 3070 275 3115 y.
296 3031 389 3096 Latius
410 3044 574 3113 explicantur
595 3043 645 3096 hae
667 3043 817 3113 opiniones.
838 3044 861 3110 §.
882 3037 971 3098 4-6.

285 3149 332 3182 aa.
354 3123 444 3176 Prima
464 3124 565 3194 opinio.
586 3123 760 3193 Voluptatem
785 3124 895 3178 omnino
915 3140 972 3177 non
989 3141 1047 3178 esse
1067 3121 1178 3191 bonum,
1200 3138 1246 3177 aex
1266 3138 1307 3176 ra-

352 3203 472 3258 tionibus
493 3203 612 3276 proburi.
633 3205 656 3270 ᾧ.
678 3196 706 3258 4.
1149 3193 1154 3198 ’

354 3299 378 3337 o.
406 3285 497 3338 Prima
517 3285 596 3338 ratio.
617 3283 790 3354 Voluptatem
810 3300 868 3338 esse
889 3290 986 3349 ortum,
1007 3285 1164 3338 confinem.
1185 3285 1202 3336 l.
1219 3275 1306 3337 1-4.

354 3364 378 3418 It.
407 3364 531 3418 Secunda
550 3365 628 3417 ratio.
650 3363 854 3434 'temperantem
874 3363 966 3434 fugere
987 3366 1145 3436 voluptates.
1166 3364 1183 3416 l.
1205 3357 1233 3418 4.
1320 3367 1323 3374 ’

355 3459 374 3496 r.
402 3445 494 3498 Tertia
513 3445 591 3498 ratio.
612 3443 798 3509 Indolentiarn,
819 3461 874 3498 non
895 3446 1059 3515 uoluptatem
1085 3444 1176 3515 quaeri
1204 3460 1220 3494 a
1246 3459 1309 3512 pru-

409 3524 497 3578 dente.
518 3525 536 3576 l.
557 3517 646 3582 4-5.

356 3605 379 3658 b.
408 3603 510 3664 Quarta
530 3605 609 3660 ratio.
629 3602 802 3657 Prudentiam
822 3603 946 3674 impediri
971 3601 1161 3674 voluptatibus.
1181 3603 1198 3656 l.
1220 3593 1308 3656 5-8.

355 3699 375 3736 e.
404 3684 506 3745 Quinta
521 3687 602 3738 ratio.
622 3684 776 3754 Voluptatis
797 3691 880 3738 artem
899 3685 1000 3737 nullam
1020 3700 1087 3737 esse.
1111 3683 1128 3736 l.
1149 3674 1238 3737 8-9.

356 3763 374 3829 l.
406 3765 486 3818 Sexta
496 3765 573 3818 ratio.
584 3765 685 3818 Pueros
700 3769 727 3816 et
738 3761 838 3817 bestias
858 3765 981 3836 persequi
996 3765 1152 3832 voluptates.
1167 3763 1184 3814 l.
1200 3753 1308 3817 9-10.

286 3855 334 3916 pp.
357 3844 480 3898 Secunda
507 3845 608 3915 opinio
635 3843 698 3897 Non
725 3859 818 3897 omnes
845 3845 994 3914 voluptates
1025 3861 1083 3898 esse
1116 3841 1219 3910 bonas,
1246 3858 1309 3897 cnm

336 3939 337 3942 ’
356 3926 499 3978 nonnullae
520 3925 580 3977 sint.
594 3931 684 3994 turpes
705 3930 732 3977 et
752 3923 879 3978 damnum
899 3924 1017 3979 afferant.
1039 3925 1061 3992 §.
1084 3919 1112 3980 5.

289 4027 339 4075 w.
362 4004 454 4058 Tertia
474 4005 575 4076 opinio.
596 4003 771 4074 Voluptatem
790 4022 847 4058 non
867 4021 925 4059 esse
946 4022 1079 4060 summum
1105 4003 1222 4069 bonum,
1248 3996 1326 4057 cum*

359 4101 415 4140 non
437 4085 472 4138 eit
490 4085 552 4140 finis
572 4083 620 4138 sed
640 4091 723 4139 ortus.
745 4085 769 4151 §.
790 4079 818 4140 6.

219 4164 243 4222 b.
267 4163 382 4235 Caput
402 4165 656 4218 duodecimum:
678 4162 845 4235 Improbatio
865 4165 999 4220 rationum
1026 4163 1059 4219 de
1085 4165 1221 4236 voluptate
1248 4179 1311 4234 pro·

270 4246 427 4315 positarum,
447 4245 604 4314 praesertim
623 4245 725 4316 primae
746 4245 891 4316 opinionis.
912 4246 1086 4316 Voluptatem
1112 4261 1171 4299 esse
1191 4243 1307 4308 bonum;

269 4325 306 4390 id,
329 4323 402 4395 quod
421 4325 507 4396 prima
529 4325 621 4394 opinio
641 4332 792 4396 negaverat.

250 4429 278 4462 a·
299 4403 487 4541 Improbanpur
502 4403 622 4544 previter
641 4412 696 4462 tres
717 4407 859 4477 opiniones
884 4422 966 4478 supra
990 4405 1024 4477 (c.
1046 4399 1093 4473 11,
1115 4406 1138 4472 §.
1160 4397 1189 4472 3)
1209 4418 1309 4475 propo·

302 4483 377 4540 sitae.
398 4485 422 4553 ᾗ.
466 4512 500 4526 -
524 4498 556 4541 .“

1110 4653 1176 4712 ΠΙ*
