<?xml version="1.0" encoding="UTF-8"?>
<!DOCTYPE html PUBLIC "-//W3C//DTD XHTML 1.0 Transitional//EN"
    "http://www.w3.org/TR/xhtml1/DTD/xhtml1-transitional.dtd">
<html xmlns="http://www.w3.org/1999/xhtml" xml:lang="en" lang="en">
 <head>
  <title>
</title>
<meta http-equiv="Content-Type" content="text/html;charset=utf-8" />
  <meta name='ocr-system' content='tesseract 3.04.00' />
  <meta name='ocr-capabilities' content='ocr_page ocr_carea ocr_par ocr_line ocrx_word'/>
</head>
<body>
  <div class='ocr_page' id='page_1' title='image "aristotelisethi02arisgoog_0041.png"; bbox 0 0 3064 5036; ppageno 0'>
   <div class='ocr_carea' id='block_1_1' title="bbox 664 329 991 404">
    <p class='ocr_par' dir='ltr' id='par_1_1' title="bbox 664 329 991 404">
     <span class='ocr_line' id='line_1_1' title="bbox 664 329 991 404; baseline 0.003 -18"><span class='ocrx_word' id='word_1_1' title='bbox 664 334 830 404; x_wconf 68' lang='lat' dir='ltr'>Conspectus</span> <span class='ocrx_word' id='word_1_2' title='bbox 851 331 911 388; x_wconf 82' lang='lat' dir='ltr'><strong>libri</strong></span> <span class='ocrx_word' id='word_1_3' title='bbox 933 329 991 390; x_wconf 85' lang='lat' dir='ltr'><strong>VH.</strong></span> 
     </span>
    </p>
   </div>
   <div class='ocr_carea' id='block_1_2' title="bbox 412 511 1193 604">
    <p class='ocr_par' dir='ltr' id='par_1_2' title="bbox 412 511 1193 604">
     <span class='ocr_line' id='line_1_2' title="bbox 412 511 1193 604; baseline -0.015 0"><span class='ocrx_word' id='word_1_4' title='bbox 412 511 510 604; x_wconf 40' lang='lat' dir='ltr'><strong>’i’ara</strong></span> <span class='ocrx_word' id='word_1_5' title='bbox 535 533 654 600; x_wconf 87' lang='lat' dir='ltr'><strong>tertia:</strong></span> <span class='ocrx_word' id='word_1_6' title='bbox 683 531 734 594; x_wconf 73' lang='lat' dir='ltr'><strong>ne</strong></span> <span class='ocrx_word' id='word_1_7' title='bbox 758 531 996 594; x_wconf 73' lang='lat' dir='ltr'><strong>instrumentis</strong></span> <span class='ocrx_word' id='word_1_8' title='bbox 1021 529 1193 592; x_wconf 85' lang='lat' dir='ltr'><strong>virtutum.</strong></span> 
     </span>
    </p>
   </div>
   <div class='ocr_carea' id='block_1_3' title="bbox 237 689 1414 2520">
    <p class='ocr_par' dir='ltr' id='par_1_3' title="bbox 237 689 1349 933">
     <span class='ocr_line' id='line_1_3' title="bbox 237 689 1092 768; baseline -0.027 -2"><span class='ocrx_word' id='word_1_9' title='bbox 237 713 258 768; x_wconf 93' lang='lat'><strong>1.</strong></span> <span class='ocrx_word' id='word_1_10' title='bbox 279 711 320 764; x_wconf 82' lang='lat' dir='ltr'><strong>De</strong></span> <span class='ocrx_word' id='word_1_11' title='bbox 340 700 504 760; x_wconf 85' lang='lat' dir='ltr'><strong>continentia</strong></span> <span class='ocrx_word' id='word_1_12' title='bbox 523 706 550 750; x_wconf 88' lang='lat' dir='ltr'><strong>et</strong></span> <span class='ocrx_word' id='word_1_13' title='bbox 569 693 773 750; x_wconf 68' lang='lat' dir='ltr'><strong>incontinentia:</strong></span> <span class='ocrx_word' id='word_1_14' title='bbox 793 691 896 746; x_wconf 85' lang='lat' dir='ltr'><strong>Liber</strong></span> <span class='ocrx_word' id='word_1_15' title='bbox 917 689 1092 761; x_wconf 88' lang='lat' dir='ltr'><strong>septimus.</strong></span> 
     </span>
     <span class='ocr_line' id='line_1_4' title="bbox 281 766 1349 856; baseline -0.02 -15"><span class='ocrx_word' id='word_1_16' title='bbox 281 785 305 845; x_wconf 89' lang='lat' dir='ltr'><strong>l.</strong></span> <span class='ocrx_word' id='word_1_17' title='bbox 328 783 476 856; x_wconf 83' lang='lat' dir='ltr'><strong>Opinionrs</strong></span> <span class='ocrx_word' id='word_1_18' title='bbox 496 786 525 832; x_wconf 89' lang='lat' dir='ltr'><strong>et</strong></span> <span class='ocrx_word' id='word_1_19' title='bbox 543 773 725 829; x_wconf 77' lang='lat' dir='ltr'><strong>dubitationes</strong></span> <span class='ocrx_word' id='word_1_20' title='bbox 747 772 779 826; x_wconf 89' lang='lat' dir='ltr'><strong>de</strong></span> <span class='ocrx_word' id='word_1_21' title='bbox 800 771 850 826; x_wconf 87' lang='lat' dir='ltr'><strong>hac</strong></span> <span class='ocrx_word' id='word_1_22' title='bbox 870 770 982 823; x_wconf 89' lang='lat' dir='ltr'><strong>materia</strong></span> <span class='ocrx_word' id='word_1_23' title='bbox 1000 777 1195 840; x_wconf 89' lang='lat' dir='ltr'><strong>proponuntur.</strong></span> <span class='ocrx_word' id='word_1_24' title='bbox 1216 788 1239 825; x_wconf 89' lang='lat' dir='ltr'><strong>c.</strong></span> <span class='ocrx_word' id='word_1_25' title='bbox 1264 766 1349 828; x_wconf 82' lang='grc'><strong>1-2.</strong></span> 
     </span>
     <span class='ocr_line' id='line_1_5' title="bbox 306 847 1329 933; baseline -0.014 -13"><span class='ocrx_word' id='word_1_26' title='bbox 306 887 331 920; x_wconf 82' lang='lat' dir='ltr'><strong>a.</strong></span> <span class='ocrx_word' id='word_1_27' title='bbox 355 865 469 933; x_wconf 86' lang='lat' dir='ltr'><strong>Caput</strong></span> <span class='ocrx_word' id='word_1_28' title='bbox 489 857 652 929; x_wconf 85' lang='lat' dir='ltr'><strong>primum:</strong></span> <span class='ocrx_word' id='word_1_29' title='bbox 674 854 714 906; x_wconf 89' lang='lat' dir='ltr'><strong>De</strong></span> <span class='ocrx_word' id='word_1_30' title='bbox 734 849 900 906; x_wconf 77' lang='lat' dir='ltr'><strong>continentia</strong></span> <span class='ocrx_word' id='word_1_31' title='bbox 919 855 946 902; x_wconf 90' lang='lat' dir='ltr'><strong>et</strong></span> <span class='ocrx_word' id='word_1_32' title='bbox 966 847 1157 902; x_wconf 75' lang='lat' dir='ltr'><strong>incontinentia</strong></span> <span class='ocrx_word' id='word_1_33' title='bbox 1176 849 1204 902; x_wconf 91' lang='lat' dir='ltr'><strong>in</strong></span> <span class='ocrx_word' id='word_1_34' title='bbox 1224 867 1329 920; x_wconf 80' lang='lat' dir='ltr'><strong>genere.</strong></span> 
     </span>
    </p>

    <p class='ocr_par' dir='ltr' id='par_1_4' title="bbox 338 927 1414 1159">
     <span class='ocr_line' id='line_1_6' title="bbox 338 927 1395 1003; baseline -0.012 -8"><span class='ocrx_word' id='word_1_35' title='bbox 338 970 365 1003; x_wconf 63' lang='lat' dir='ltr'><strong>a.</strong></span> <span class='ocrx_word' id='word_1_36' title='bbox 387 944 567 996; x_wconf 82' lang='lat' dir='ltr'><strong>Recensentur</strong></span> <span class='ocrx_word' id='word_1_37' title='bbox 588 927 941 1003; x_wconf 84' lang='lat' dir='ltr'><strong>gene1·aeorum‚quaein</strong></span> <span class='ocrx_word' id='word_1_38' title='bbox 964 927 1086 981; x_wconf 80' lang='lat' dir='ltr'><strong>moribus</strong></span> <span class='ocrx_word' id='word_1_39' title='bbox 1111 929 1259 999; x_wconf 83' lang='lat' dir='ltr'><strong>expetenda</strong></span> <span class='ocrx_word' id='word_1_40' title='bbox 1283 931 1395 996; x_wconf 76' lang='lat' dir='ltr'><strong>(virtus,</strong></span> 
     </span>
     <span class='ocr_line' id='line_1_7' title="bbox 387 1005 1396 1080; baseline -0.014 -5"><span class='ocrx_word' id='word_1_41' title='bbox 387 1017 559 1078; x_wconf 84' lang='lat' dir='ltr'><strong>continentia,</strong></span> <span class='ocrx_word' id='word_1_42' title='bbox 579 1013 662 1066; x_wconf 85' lang='lat' dir='ltr'><strong>virtus</strong></span> <span class='ocrx_word' id='word_1_43' title='bbox 682 1011 798 1077; x_wconf 79' lang='lat' dir='ltr'><strong>heroica)</strong></span> <span class='ocrx_word' id='word_1_44' title='bbox 819 1011 861 1062; x_wconf 87' lang='lat' dir='ltr'><strong>vel</strong></span> <span class='ocrx_word' id='word_1_45' title='bbox 881 1005 1090 1076; x_wconf 77' lang='lat' dir='ltr'><strong>fugiendarum</strong></span> <span class='ocrx_word' id='word_1_46' title='bbox 1110 1005 1274 1080; x_wconf 81' lang='lat' dir='ltr'><strong>(vitiositas,</strong></span> <span class='ocrx_word' id='word_1_47' title='bbox 1297 1011 1396 1062; x_wconf 92' lang='lat' dir='ltr'><strong>incon-</strong></span> 
     </span>
     <span class='ocr_line' id='line_1_8' title="bbox 388 1071 1414 1159; baseline -0.029 -5"><span class='ocrx_word' id='word_1_48' title='bbox 388 1097 508 1159; x_wconf 85' lang='lat' dir='ltr'><strong>tinentia,</strong></span> <span class='ocrx_word' id='word_1_49' title='bbox 528 1093 637 1159; x_wconf 80' lang='lat' dir='ltr'><strong>feritas).</strong></span> <span class='ocrx_word' id='word_1_50' title='bbox 659 1093 684 1154; x_wconf 89' lang='grc'><strong>5.</strong></span> <span class='ocrx_word' id='word_1_51' title='bbox 708 1084 750 1146; x_wconf 88' lang='grc'><strong>1-</strong></span> <span class='ocrx_word' id='word_1_52' title='bbox 766 1083 793 1144; x_wconf 84' lang='grc'><strong>3.</strong></span> <span class='ocrx_word' id='word_1_53' title='bbox 1080 1123 1085 1132; x_wconf 90' lang='grc'><strong>.</strong></span> <span class='ocrx_word' id='word_1_54' title='bbox 1405 1071 1414 1078; x_wconf 78' lang='grc'><em>”</em></span> 
     </span>
    </p>

    <p class='ocr_par' dir='ltr' id='par_1_5' title="bbox 336 1159 1176 1254">
     <span class='ocr_line' id='line_1_9' title="bbox 336 1159 1176 1254; baseline -0.027 -20"><span class='ocrx_word' id='word_1_55' title='bbox 336 1196 364 1254; x_wconf 72' lang='grc' dir='ltr'><strong>β.</strong></span> <span class='ocrx_word' id='word_1_56' title='bbox 386 1178 459 1242; x_wconf 82' lang='lat' dir='ltr'><strong>Quid</strong></span> <span class='ocrx_word' id='word_1_57' title='bbox 479 1175 531 1229; x_wconf 87' lang='lat' dir='ltr'><strong>hoc</strong></span> <span class='ocrx_word' id='word_1_58' title='bbox 550 1172 629 1236; x_wconf 87' lang='lat' dir='ltr'><strong>libro,</strong></span> <span class='ocrx_word' id='word_1_59' title='bbox 649 1177 750 1240; x_wconf 83' lang='lat' dir='ltr'><strong>atquo</strong></span> <span class='ocrx_word' id='word_1_60' title='bbox 771 1165 863 1220; x_wconf 79' lang='lat' dir='ltr'><strong>ordine</strong></span> <span class='ocrx_word' id='word_1_61' title='bbox 882 1171 1019 1218; x_wconf 76' lang='lat' dir='ltr'><strong>tractetur.</strong></span> <span class='ocrx_word' id='word_1_62' title='bbox 1040 1166 1066 1230; x_wconf 78' lang='grc'><strong>5.</strong></span> <span class='ocrx_word' id='word_1_63' title='bbox 1087 1159 1176 1220; x_wconf 79' lang='grc'><strong>4-5.</strong></span> 
     </span>
    </p>

    <p class='ocr_par' dir='ltr' id='par_1_6' title="bbox 337 1242 1397 1481">
     <span class='ocr_line' id='line_1_10' title="bbox 337 1242 1397 1388; baseline -0.016 -73"><span class='ocrx_word' id='word_1_64' title='bbox 337 1291 367 1332; x_wconf 67' lang='lat'><strong>7.</strong></span> <span class='ocrx_word' id='word_1_65' title='bbox 388 1261 429 1313; x_wconf 87' lang='lat' dir='ltr'><strong>De</strong></span> <span class='ocrx_word' id='word_1_66' title='bbox 450 1253 614 1388; x_wconf 46' lang='lat' dir='ltr'><strong>eontfipenpia</strong></span> <span class='ocrx_word' id='word_1_67' title='bbox 632 1257 660 1304; x_wconf 90' lang='lat' dir='ltr'><strong>et</strong></span> <span class='ocrx_word' id='word_1_68' title='bbox 680 1245 873 1302; x_wconf 88' lang='lat' dir='ltr'><strong>incontinentia</strong></span> <span class='ocrx_word' id='word_1_69' title='bbox 892 1242 1005 1298; x_wconf 75' lang='lat' dir='ltr'><strong>aliorum</strong></span> <span class='ocrx_word' id='word_1_70' title='bbox 1026 1243 1167 1315; x_wconf 78' lang='lat' dir='ltr'><strong>opinionon</strong></span> <span class='ocrx_word' id='word_1_71' title='bbox 1187 1261 1234 1298; x_wconf 83' lang='lat' dir='ltr'><strong>sex</strong></span> <span class='ocrx_word' id='word_1_72' title='bbox 1252 1244 1397 1315; x_wconf 82' lang='lat' dir='ltr'><strong>proterun-</strong></span> 
     </span>
     <span class='ocr_line' id='line_1_11' title="bbox 386 1337 598 1400; baseline -0.024 -10"><span class='ocrx_word' id='word_1_73' title='bbox 386 1347 442 1392; x_wconf 87' lang='lat' dir='ltr'><strong>tur:</strong></span> <span class='ocrx_word' id='word_1_74' title='bbox 464 1337 490 1400; x_wconf 90' lang='grc'><strong>5.</strong></span> <span class='ocrx_word' id='word_1_75' title='bbox 534 1359 567 1370; x_wconf 94' lang='grc'><strong>-</strong></span> <span class='ocrx_word' id='word_1_76' title='bbox 590 1369 598 1385; x_wconf 92' lang='grc'><strong>.</strong></span> 
     </span>
     <span class='ocr_line' id='line_1_12' title="bbox 376 1401 1397 1481; baseline -0.013 -12"><span class='ocrx_word' id='word_1_77' title='bbox 376 1443 423 1476; x_wconf 64' lang='lat' dir='ltr'><strong>aa.</strong></span> <span class='ocrx_word' id='word_1_78' title='bbox 445 1416 534 1470; x_wconf 85' lang='lat' dir='ltr'><strong>Prima</strong></span> <span class='ocrx_word' id='word_1_79' title='bbox 552 1407 654 1481; x_wconf 90' lang='lat' dir='ltr'><strong>opinio.</strong></span> <span class='ocrx_word' id='word_1_80' title='bbox 674 1405 874 1461; x_wconf 74' lang='lat' dir='ltr'><strong>continentiam</strong></span> <span class='ocrx_word' id='word_1_81' title='bbox 893 1409 921 1456; x_wconf 93' lang='lat' dir='ltr'><strong>et</strong></span> <span class='ocrx_word' id='word_1_82' title='bbox 934 1401 1102 1456; x_wconf 82' lang='lat' dir='ltr'><strong>tolerantiam</strong></span> <span class='ocrx_word' id='word_1_83' title='bbox 1122 1401 1279 1468; x_wconf 81' lang='lat' dir='ltr'><strong>laudabiles,</strong></span> <span class='ocrx_word' id='word_1_84' title='bbox 1300 1403 1397 1458; x_wconf 87' lang='lat' dir='ltr'><strong>inccn-</strong></span> 
     </span>
    </p>

    <p class='ocr_par' dir='ltr' id='par_1_7' title="bbox 284 1476 1324 1556">
     <span class='ocr_line' id='line_1_13' title="bbox 284 1476 1324 1556; baseline -0.024 -4"><span class='ocrx_word' id='word_1_85' title='bbox 284 1549 286 1556; x_wconf 29' lang='lat'><strong>.</strong></span> <span class='ocrx_word' id='word_1_86' title='bbox 442 1491 580 1548; x_wconf 90' lang='lat' dir='ltr'><strong>tinentiam</strong></span> <span class='ocrx_word' id='word_1_87' title='bbox 600 1496 627 1542; x_wconf 88' lang='lat' dir='ltr'><strong>et</strong></span> <span class='ocrx_word' id='word_1_88' title='bbox 646 1484 786 1541; x_wconf 88' lang='lat' dir='ltr'><strong>mollitiem</strong></span> <span class='ocrx_word' id='word_1_89' title='bbox 806 1481 994 1554; x_wconf 74' lang='lat' dir='ltr'><strong>vituperabiles</strong></span> <span class='ocrx_word' id='word_1_90' title='bbox 1014 1499 1081 1536; x_wconf 82' lang='lat' dir='ltr'><strong>esse.</strong></span> <span class='ocrx_word' id='word_1_91' title='bbox 1103 1484 1129 1546; x_wconf 90' lang='grc'><strong>5.</strong></span> <span class='ocrx_word' id='word_1_92' title='bbox 1149 1476 1178 1547; x_wconf 84' lang='grc'><strong>6,</strong></span> <span class='ocrx_word' id='word_1_93' title='bbox 1198 1485 1215 1536; x_wconf 87' lang='lat'><strong>1.</strong></span> <span class='ocrx_word' id='word_1_94' title='bbox 1239 1476 1324 1539; x_wconf 81' lang='grc'><strong>1-4,</strong></span> 
     </span>
    </p>

    <p class='ocr_par' dir='ltr' id='par_1_8' title="bbox 376 1560 1398 1720">
     <span class='ocr_line' id='line_1_14' title="bbox 376 1560 1398 1648; baseline -0.016 -16"><span class='ocrx_word' id='word_1_95' title='bbox 376 1588 423 1648; x_wconf 73' lang='lat' dir='ltr'><strong>pp.</strong></span> <span class='ocrx_word' id='word_1_96' title='bbox 445 1570 568 1629; x_wconf 62' lang='lat' dir='ltr'><strong>&amp;cunda</strong></span> <span class='ocrx_word' id='word_1_97' title='bbox 578 1567 679 1638; x_wconf 90' lang='lat' dir='ltr'><strong>opinio.</strong></span> <span class='ocrx_word' id='word_1_98' title='bbox 700 1564 888 1620; x_wconf 83' lang='lat' dir='ltr'><strong>Continentem</strong></span> <span class='ocrx_word' id='word_1_99' title='bbox 907 1567 1024 1632; x_wconf 81' lang='lat' dir='ltr'><strong>perstare</strong></span> <span class='ocrx_word' id='word_1_100' title='bbox 1044 1560 1073 1614; x_wconf 89' lang='lat' dir='ltr'><strong>in</strong></span> <span class='ocrx_word' id='word_1_101' title='bbox 1093 1560 1204 1628; x_wconf 86' lang='lat' dir='ltr'><strong>ratione,</strong></span> <span class='ocrx_word' id='word_1_102' title='bbox 1224 1561 1398 1616; x_wconf 86' lang='lat' dir='ltr'><strong>incontinen-</strong></span> 
     </span>
     <span class='ocr_line' id='line_1_15' title="bbox 443 1635 1009 1720; baseline -0.023 -13"><span class='ocrx_word' id='word_1_103' title='bbox 443 1663 496 1707; x_wconf 88' lang='lat' dir='ltr'><strong>tem</strong></span> <span class='ocrx_word' id='word_1_104' title='bbox 517 1648 606 1720; x_wconf 83' lang='lat' dir='ltr'><strong>egredi</strong></span> <span class='ocrx_word' id='word_1_105' title='bbox 627 1645 766 1700; x_wconf 85' lang='lat' dir='ltr'><strong>rationem.</strong></span> <span class='ocrx_word' id='word_1_106' title='bbox 786 1645 813 1708; x_wconf 89' lang='grc'><strong>5.</strong></span> <span class='ocrx_word' id='word_1_107' title='bbox 833 1636 862 1707; x_wconf 88' lang='lat'><strong>6,</strong></span> <span class='ocrx_word' id='word_1_108' title='bbox 883 1642 900 1694; x_wconf 90' lang='lat'><strong>1.</strong></span> <span class='ocrx_word' id='word_1_109' title='bbox 921 1635 1009 1696; x_wconf 74' lang='lat'><strong>4—5.</strong></span> 
     </span>
    </p>

    <p class='ocr_par' dir='ltr' id='par_1_9' title="bbox 376 1712 1395 1878">
     <span class='ocr_line' id='line_1_16' title="bbox 376 1712 1395 1866; baseline -0.016 -77"><span class='ocrx_word' id='word_1_110' title='bbox 376 1762 427 1806; x_wconf 66' lang='lat' dir='ltr'><strong>w.</strong></span> <span class='ocrx_word' id='word_1_111' title='bbox 442 1731 533 1866; x_wconf 52' lang='lat' dir='ltr'><strong>&#39;sergis</strong></span> <span class='ocrx_word' id='word_1_112' title='bbox 553 1727 657 1862; x_wconf 52' lang='lat' dir='ltr'><strong>oppius}3</strong></span> <span class='ocrx_word' id='word_1_113' title='bbox 675 1723 863 1778; x_wconf 77' lang='lat' dir='ltr'><strong>eontinentem</strong></span> <span class='ocrx_word' id='word_1_114' title='bbox 883 1726 910 1774; x_wconf 90' lang='lat' dir='ltr'><strong>et</strong></span> <span class='ocrx_word' id='word_1_115' title='bbox 935 1719 1145 1776; x_wconf 86' lang='lat' dir='ltr'><strong>incontinentem</strong></span> <span class='ocrx_word' id='word_1_116' title='bbox 1169 1718 1285 1774; x_wconf 82' lang='lat' dir='ltr'><strong>scienter</strong></span> <span class='ocrx_word' id='word_1_117' title='bbox 1304 1712 1395 1791; x_wconf 78' lang='lat' dir='ltr'><strong>agere.</strong></span> 
     </span>
     <span class='ocr_line' id='line_1_17' title="bbox 444 1811 665 1878; baseline -0.027 0"><span class='ocrx_word' id='word_1_118' title='bbox 444 1815 470 1878; x_wconf 68' lang='lat' dir='ltr'><strong>s·</strong></span> <span class='ocrx_word' id='word_1_119' title='bbox 511 1811 556 1876; x_wconf 74' lang='lat' dir='ltr'><strong>,L</strong></span> <span class='ocrx_word' id='word_1_120' title='bbox 604 1834 631 1844; x_wconf 76' lang='lat'><strong><em>‘</em></strong></span> <span class='ocrx_word' id='word_1_121' title='bbox 658 1845 665 1860; x_wconf 87' lang='lat'><strong>·</strong></span> 
     </span>
    </p>

    <p class='ocr_par' dir='ltr' id='par_1_10' title="bbox 376 1877 1395 2111">
     <span class='ocr_line' id='line_1_18' title="bbox 376 1877 1395 1956; baseline -0.015 -11"><span class='ocrx_word' id='word_1_122' title='bbox 376 1892 420 1954; x_wconf 65' lang='lat' dir='ltr'><strong>ii.</strong></span> <span class='ocrx_word' id='word_1_123' title='bbox 442 1893 544 1953; x_wconf 82' lang='lat' dir='ltr'><strong>Quarta</strong></span> <span class='ocrx_word' id='word_1_124' title='bbox 563 1885 665 1956; x_wconf 84' lang='lat' dir='ltr'><strong>opinio.</strong></span> <span class='ocrx_word' id='word_1_125' title='bbox 686 1881 875 1937; x_wconf 80' lang='lat' dir='ltr'><strong>continentem</strong></span> <span class='ocrx_word' id='word_1_126' title='bbox 894 1885 922 1932; x_wconf 89' lang='lat' dir='ltr'><strong>et</strong></span> <span class='ocrx_word' id='word_1_127' title='bbox 937 1884 1103 1932; x_wconf 78' lang='lat' dir='ltr'><strong>cunctantem</strong></span> <span class='ocrx_word' id='word_1_128' title='bbox 1123 1879 1170 1932; x_wconf 88' lang='lat' dir='ltr'><strong>alii</strong></span> <span class='ocrx_word' id='word_1_129' title='bbox 1190 1877 1271 1932; x_wconf 83' lang='lat' dir='ltr'><strong>etiam</strong></span> <span class='ocrx_word' id='word_1_130' title='bbox 1291 1885 1395 1949; x_wconf 86' lang='lat' dir='ltr'><strong>tempe-</strong></span> 
     </span>
     <span class='ocr_line' id='line_1_19' title="bbox 444 1957 1393 2031; baseline -0.013 -7"><span class='ocrx_word' id='word_1_131' title='bbox 444 1977 554 2031; x_wconf 87' lang='lat' dir='ltr'><strong>rantem,</strong></span> <span class='ocrx_word' id='word_1_132' title='bbox 574 1973 600 2018; x_wconf 91' lang='lat' dir='ltr'><strong>et</strong></span> <span class='ocrx_word' id='word_1_133' title='bbox 620 1961 829 2017; x_wconf 86' lang='lat' dir='ltr'><strong>incontinentem</strong></span> <span class='ocrx_word' id='word_1_134' title='bbox 849 1957 929 2012; x_wconf 89' lang='lat' dir='ltr'><strong>etiam</strong></span> <span class='ocrx_word' id='word_1_135' title='bbox 952 1959 1171 2027; x_wconf 73' lang='lat' dir='ltr'><strong>intemperantem</strong></span> <span class='ocrx_word' id='word_1_136' title='bbox 1198 1975 1256 2012; x_wconf 87' lang='lat' dir='ltr'><strong>esse</strong></span> <span class='ocrx_word' id='word_1_137' title='bbox 1284 1958 1393 2012; x_wconf 87' lang='lat' dir='ltr'><strong>dicunt:</strong></span> 
     </span>
     <span class='ocr_line' id='line_1_20' title="bbox 443 2032 837 2111; baseline -0.025 -8"><span class='ocrx_word' id='word_1_138' title='bbox 443 2051 489 2104; x_wconf 89' lang='lat' dir='ltr'><strong>alii</strong></span> <span class='ocrx_word' id='word_1_139' title='bbox 510 2065 573 2102; x_wconf 92' lang='lat' dir='ltr'><strong>non.</strong></span> <span class='ocrx_word' id='word_1_140' title='bbox 594 2047 620 2111; x_wconf 89' lang='grc'><strong>5.</strong></span> <span class='ocrx_word' id='word_1_141' title='bbox 641 2037 669 2107; x_wconf 87' lang='grc'><strong>6,</strong></span> <span class='ocrx_word' id='word_1_142' title='bbox 691 2044 707 2096; x_wconf 93' lang='lat' dir='ltr'><strong>l.</strong></span> <span class='ocrx_word' id='word_1_143' title='bbox 729 2032 837 2096; x_wconf 79' lang='lat'><strong>8—12.</strong></span> 
     </span>
    </p>

    <p class='ocr_par' dir='ltr' id='par_1_11' title="bbox 378 2116 1394 2196">
     <span class='ocr_line' id='line_1_21' title="bbox 378 2116 1394 2196; baseline -0.02 -13"><span class='ocrx_word' id='word_1_144' title='bbox 378 2157 409 2190; x_wconf 65' lang='lat' dir='ltr'><strong>aa.</strong></span> <span class='ocrx_word' id='word_1_145' title='bbox 442 2128 544 2190; x_wconf 86' lang='lat' dir='ltr'><strong>Quinta</strong></span> <span class='ocrx_word' id='word_1_146' title='bbox 563 2125 663 2196; x_wconf 90' lang='lat' dir='ltr'><strong>opinio.</strong></span> <span class='ocrx_word' id='word_1_147' title='bbox 704 2120 864 2174; x_wconf 86' lang='lat' dir='ltr'><strong>Prudentem</strong></span> <span class='ocrx_word' id='word_1_148' title='bbox 885 2116 931 2170; x_wconf 88' lang='lat' dir='ltr'><strong>aiii</strong></span> <span class='ocrx_word' id='word_1_149' title='bbox 946 2133 1082 2186; x_wconf 90' lang='lat' dir='ltr'><strong>nunquam</strong></span> <span class='ocrx_word' id='word_1_150' title='bbox 1093 2117 1311 2188; x_wconf 81' lang='lat' dir='ltr'><strong>intemperantem</strong></span> <span class='ocrx_word' id='word_1_151' title='bbox 1332 2134 1394 2172; x_wconf 71' lang='lat' dir='ltr'><strong>ease</strong></span> 
     </span>
    </p>

    <p class='ocr_par' dir='ltr' id='par_1_12' title="bbox 394 2188 1075 2271">
     <span class='ocr_line' id='line_1_22' title="bbox 394 2188 1075 2271; baseline -0.023 -9"><span class='ocrx_word' id='word_1_152' title='bbox 394 2261 398 2268; x_wconf 77' lang='grc'>,</span> <span class='ocrx_word' id='word_1_153' title='bbox 443 2208 544 2271; x_wconf 88' lang='lat' dir='ltr'><strong>dicunt,</strong></span> <span class='ocrx_word' id='word_1_154' title='bbox 565 2203 609 2258; x_wconf 87' lang='lat' dir='ltr'><strong>alii</strong></span> <span class='ocrx_word' id='word_1_155' title='bbox 628 2215 831 2269; x_wconf 85' lang='lat' dir='ltr'><strong>nonnunquam.</strong></span> <span class='ocrx_word' id='word_1_156' title='bbox 852 2197 879 2261; x_wconf 86' lang='grc'><strong>5.</strong></span> <span class='ocrx_word' id='word_1_157' title='bbox 900 2191 928 2261; x_wconf 87' lang='grc'><strong>7,</strong></span> <span class='ocrx_word' id='word_1_158' title='bbox 950 2197 967 2249; x_wconf 89' lang='lat' dir='ltr'><strong>l.</strong></span> <span class='ocrx_word' id='word_1_159' title='bbox 989 2188 1075 2250; x_wconf 79' lang='grc'><strong>1-4.</strong></span> 
     </span>
    </p>

    <p class='ocr_par' dir='ltr' id='par_1_13' title="bbox 377 2273 1394 2421">
     <span class='ocr_line' id='line_1_23' title="bbox 377 2273 1394 2364; baseline -0.026 -22"><span class='ocrx_word' id='word_1_160' title='bbox 377 2286 423 2364; x_wconf 86' lang='grc' dir='ltr'><strong>ζζ.</strong></span> <span class='ocrx_word' id='word_1_161' title='bbox 445 2289 525 2342; x_wconf 82' lang='lat' dir='ltr'><strong>Sexta</strong></span> <span class='ocrx_word' id='word_1_162' title='bbox 544 2281 644 2354; x_wconf 90' lang='lat' dir='ltr'><strong>opinio.</strong></span> <span class='ocrx_word' id='word_1_163' title='bbox 673 2279 735 2333; x_wconf 87' lang='lat' dir='ltr'><strong>Non</strong></span> <span class='ocrx_word' id='word_1_164' title='bbox 755 2275 909 2348; x_wconf 81' lang='lat' dir='ltr'><strong>cupiditatis</strong></span> <span class='ocrx_word' id='word_1_165' title='bbox 929 2281 1042 2338; x_wconf 88' lang='lat' dir='ltr'><strong>tantum,</strong></span> <span class='ocrx_word' id='word_1_166' title='bbox 1063 2273 1110 2328; x_wconf 83' lang='lat' dir='ltr'><strong>sed</strong></span> <span class='ocrx_word' id='word_1_167' title='bbox 1137 2273 1217 2328; x_wconf 83' lang='lat' dir='ltr'><strong>etium</strong></span> <span class='ocrx_word' id='word_1_168' title='bbox 1243 2275 1314 2340; x_wconf 88' lang='lat' dir='ltr'><strong>irae,</strong></span> <span class='ocrx_word' id='word_1_169' title='bbox 1341 2275 1394 2330; x_wconf 89' lang='lat' dir='ltr'><strong>ho·</strong></span> 
     </span>
     <span class='ocr_line' id='line_1_24' title="bbox 442 2347 1205 2421; baseline -0.025 0"><span class='ocrx_word' id='word_1_170' title='bbox 442 2367 515 2421; x_wconf 85' lang='lat' dir='ltr'><strong>noris</strong></span> <span class='ocrx_word' id='word_1_171' title='bbox 535 2372 562 2417; x_wconf 89' lang='lat' dir='ltr'><strong>et</strong></span> <span class='ocrx_word' id='word_1_172' title='bbox 580 2359 647 2420; x_wconf 84' lang='lat' dir='ltr'><strong>tueri</strong></span> <span class='ocrx_word' id='word_1_173' title='bbox 667 2357 874 2414; x_wconf 84' lang='lat' dir='ltr'><strong>incontinentem</strong></span> <span class='ocrx_word' id='word_1_174' title='bbox 894 2371 960 2408; x_wconf 89' lang='lat' dir='ltr'><strong>esse.</strong></span> <span class='ocrx_word' id='word_1_175' title='bbox 982 2354 1007 2418; x_wconf 93' lang='grc'><strong>5.</strong></span> <span class='ocrx_word' id='word_1_176' title='bbox 1029 2348 1057 2418; x_wconf 86' lang='grc'><strong>7,</strong></span> <span class='ocrx_word' id='word_1_177' title='bbox 1078 2354 1096 2407; x_wconf 92' lang='lat'><strong>1.</strong></span> <span class='ocrx_word' id='word_1_178' title='bbox 1117 2347 1205 2408; x_wconf 82' lang='lat' dir='ltr'><strong>t-5.</strong></span> 
     </span>
    </p>

    <p class='ocr_par' dir='ltr' id='par_1_14' title="bbox 306 2431 1393 2520">
     <span class='ocr_line' id='line_1_25' title="bbox 306 2431 1393 2520; baseline -0.019 -13"><span class='ocrx_word' id='word_1_179' title='bbox 306 2457 332 2508; x_wconf 83' lang='lat' dir='ltr'><strong>b.</strong></span> <span class='ocrx_word' id='word_1_180' title='bbox 354 2453 467 2520; x_wconf 86' lang='lat' dir='ltr'><strong>Caput</strong></span> <span class='ocrx_word' id='word_1_181' title='bbox 485 2443 688 2500; x_wconf 85' lang='lat' dir='ltr'><strong>secundum:</strong></span> <span class='ocrx_word' id='word_1_182' title='bbox 708 2437 898 2493; x_wconf 87' lang='lat' dir='ltr'><strong>Dubitationes</strong></span> <span class='ocrx_word' id='word_1_183' title='bbox 919 2431 952 2488; x_wconf 90' lang='lat' dir='ltr'><strong>de</strong></span> <span class='ocrx_word' id='word_1_184' title='bbox 982 2431 1130 2486; x_wconf 84' lang='lat' dir='ltr'><strong>continenti</strong></span> <span class='ocrx_word' id='word_1_185' title='bbox 1159 2439 1186 2486; x_wconf 89' lang='lat' dir='ltr'><strong>et</strong></span> <span class='ocrx_word' id='word_1_186' title='bbox 1215 2431 1393 2487; x_wconf 88' lang='lat' dir='ltr'><strong>incontinenti</strong></span> 
     </span>
    </p>
   </div>
   <div class='ocr_carea' id='block_1_4' title="bbox 336 2533 1392 2748">
    <p class='ocr_par' dir='ltr' id='par_1_15' title="bbox 336 2533 1392 2748">
     <span class='ocr_line' id='line_1_26' title="bbox 358 2533 552 2604; baseline -0.036 -18"><span class='ocrx_word' id='word_1_187' title='bbox 358 2533 552 2604; x_wconf 88' lang='lat' dir='ltr'><strong>proponuntur.</strong></span> 
     </span>
     <span class='ocr_line' id='line_1_27' title="bbox 336 2585 1190 2670; baseline -0.027 -5"><span class='ocrx_word' id='word_1_188' title='bbox 336 2639 365 2670; x_wconf 65' lang='lat' dir='ltr'><strong>a.</strong></span> <span class='ocrx_word' id='word_1_189' title='bbox 388 2610 476 2664; x_wconf 89' lang='lat' dir='ltr'><strong>Prima</strong></span> <span class='ocrx_word' id='word_1_190' title='bbox 498 2601 638 2658; x_wconf 78' lang='lat' dir='ltr'><strong>dubitatio.</strong></span> <span class='ocrx_word' id='word_1_191' title='bbox 660 2599 701 2653; x_wconf 89' lang='lat' dir='ltr'><strong>De</strong></span> <span class='ocrx_word' id='word_1_192' title='bbox 722 2599 800 2652; x_wconf 88' lang='lat' dir='ltr'><strong>tertia</strong></span> <span class='ocrx_word' id='word_1_193' title='bbox 819 2593 955 2665; x_wconf 91' lang='lat' dir='ltr'><strong>opinione.</strong></span> <span class='ocrx_word' id='word_1_194' title='bbox 977 2594 1003 2658; x_wconf 85' lang='grc'><strong>5.</strong></span> <span class='ocrx_word' id='word_1_195' title='bbox 1026 2585 1112 2646; x_wconf 79' lang='grc'><strong>1-4.</strong></span> <span class='ocrx_word' id='word_1_196' title='bbox 1185 2659 1190 2666; x_wconf 76' lang='lat'><em>‚</em></span> 
     </span>
     <span class='ocr_line' id='line_1_28' title="bbox 376 2669 1392 2748; baseline -0.016 -6"><span class='ocrx_word' id='word_1_197' title='bbox 376 2713 423 2748; x_wconf 60' lang='lat' dir='ltr'><strong>aa.</strong></span> <span class='ocrx_word' id='word_1_198' title='bbox 444 2687 476 2739; x_wconf 90' lang='lat' dir='ltr'><strong>In</strong></span> <span class='ocrx_word' id='word_1_199' title='bbox 496 2702 545 2748; x_wconf 89' lang='lat' dir='ltr'><strong>eo,</strong></span> <span class='ocrx_word' id='word_1_200' title='bbox 571 2680 614 2735; x_wconf 88' lang='lat' dir='ltr'><strong>cui</strong></span> <span class='ocrx_word' id='word_1_201' title='bbox 641 2678 705 2732; x_wconf 86' lang='lat' dir='ltr'><strong>insit</strong></span> <span class='ocrx_word' id='word_1_202' title='bbox 729 2674 855 2738; x_wconf 83' lang='lat' dir='ltr'><strong>seientia,</strong></span> <span class='ocrx_word' id='word_1_203' title='bbox 882 2671 1054 2741; x_wconf 87' lang='lat' dir='ltr'><strong>cupiditatem</strong></span> <span class='ocrx_word' id='word_1_204' title='bbox 1074 2686 1129 2724; x_wconf 90' lang='lat' dir='ltr'><strong>uon</strong></span> <span class='ocrx_word' id='word_1_205' title='bbox 1150 2686 1229 2742; x_wconf 79' lang='lat' dir='ltr'><strong>posse</strong></span> <span class='ocrx_word' id='word_1_206' title='bbox 1251 2669 1392 2727; x_wconf 85' lang='lat' dir='ltr'><strong>dominari.</strong></span> 
     </span>
    </p>
   </div>
   <div class='ocr_carea' id='block_1_5' title="bbox 443 2758 518 2830">
    <p class='ocr_par' dir='ltr' id='par_1_16' title="bbox 443 2758 518 2830">
     <span class='ocr_line' id='line_1_29' title="bbox 443 2758 518 2830; baseline -0.08 -9"><span class='ocrx_word' id='word_1_207' title='bbox 443 2768 469 2830; x_wconf 90' lang='grc'><strong>5.</strong></span> <span class='ocrx_word' id='word_1_208' title='bbox 492 2758 518 2819; x_wconf 85' lang='grc'><strong>1.</strong></span> 
     </span>
    </p>
   </div>
   <div class='ocr_carea' id='block_1_6' title="bbox 306 2828 1392 3782">
    <p class='ocr_par' dir='ltr' id='par_1_17' title="bbox 306 2828 1392 2976">
     <span class='ocr_line' id='line_1_30' title="bbox 306 2828 1392 2916; baseline -0.021 -14"><span class='ocrx_word' id='word_1_209' title='bbox 306 2839 308 2843; x_wconf 58' lang='grc'>’</span> <span class='ocrx_word' id='word_1_210' title='bbox 377 2858 425 2916; x_wconf 71' lang='lat' dir='ltr'><strong>pa.</strong></span> <span class='ocrx_word' id='word_1_211' title='bbox 447 2845 476 2898; x_wconf 87' lang='lat' dir='ltr'><strong>Si</strong></span> <span class='ocrx_word' id='word_1_212' title='bbox 504 2837 672 2895; x_wconf 83' lang='lat' dir='ltr'><strong>incontinens</strong></span> <span class='ocrx_word' id='word_1_213' title='bbox 699 2833 813 2888; x_wconf 83' lang='lat' dir='ltr'><strong>insciens</strong></span> <span class='ocrx_word' id='word_1_214' title='bbox 839 2829 917 2896; x_wconf 82' lang='lat' dir='ltr'><strong>iecit,</strong></span> <span class='ocrx_word' id='word_1_215' title='bbox 944 2828 1126 2900; x_wconf 87' lang='lat' dir='ltr'><strong>quaerendum</strong></span> <span class='ocrx_word' id='word_1_216' title='bbox 1151 2845 1225 2892; x_wconf 86' lang='lat' dir='ltr'><strong>esse,</strong></span> <span class='ocrx_word' id='word_1_217' title='bbox 1252 2829 1313 2900; x_wconf 85' lang='lat' dir='ltr'><strong>quis</strong></span> <span class='ocrx_word' id='word_1_218' title='bbox 1339 2829 1392 2884; x_wconf 77' lang='lat' dir='ltr'><strong>iste</strong></span> 
     </span>
     <span class='ocr_line' id='line_1_31' title="bbox 444 2903 1131 2976; baseline -0.028 1"><span class='ocrx_word' id='word_1_219' title='bbox 444 2920 597 2976; x_wconf 85' lang='lat' dir='ltr'><strong>inscientiae</strong></span> <span class='ocrx_word' id='word_1_220' title='bbox 617 2914 713 2970; x_wconf 89' lang='lat' dir='ltr'><strong>modus</strong></span> <span class='ocrx_word' id='word_1_221' title='bbox 733 2913 777 2972; x_wconf 87' lang='lat' dir='ltr'><strong>sit.</strong></span> <span class='ocrx_word' id='word_1_222' title='bbox 801 2913 827 2976; x_wconf 85' lang='grc'><strong>5.</strong></span> <span class='ocrx_word' id='word_1_223' title='bbox 848 2903 876 2966; x_wconf 83' lang='grc'><strong>2.</strong></span> <span class='ocrx_word' id='word_1_224' title='bbox 1128 2921 1131 2928; x_wconf 92' lang='grc'><em>·</em></span> 
     </span>
    </p>

    <p class='ocr_par' dir='ltr' id='par_1_18' title="bbox 377 2985 1392 3220">
     <span class='ocr_line' id='line_1_32' title="bbox 377 2985 1391 3077; baseline -0.02 -18"><span class='ocrx_word' id='word_1_225' title='bbox 377 3031 428 3077; x_wconf 67' lang='lat'><strong>77.</strong></span> <span class='ocrx_word' id='word_1_226' title='bbox 445 3003 474 3057; x_wconf 87' lang='lat' dir='ltr'><strong>Si</strong></span> <span class='ocrx_word' id='word_1_227' title='bbox 494 3018 548 3054; x_wconf 91' lang='lat' dir='ltr'><strong>uon</strong></span> <span class='ocrx_word' id='word_1_228' title='bbox 570 2995 689 3060; x_wconf 84' lang='lat' dir='ltr'><strong>seientia,</strong></span> <span class='ocrx_word' id='word_1_229' title='bbox 709 2993 756 3046; x_wconf 89' lang='lat' dir='ltr'><strong>sed</strong></span> <span class='ocrx_word' id='word_1_230' title='bbox 777 2989 869 3060; x_wconf 89' lang='lat' dir='ltr'><strong>opinio</strong></span> <span class='ocrx_word' id='word_1_231' title='bbox 890 3005 974 3060; x_wconf 86' lang='lat' dir='ltr'><strong>eaque</strong></span> <span class='ocrx_word' id='word_1_232' title='bbox 1001 2988 1105 3040; x_wconf 83' lang='lat' dir='ltr'><strong>infirma</strong></span> <span class='ocrx_word' id='word_1_233' title='bbox 1132 2993 1159 3040; x_wconf 90' lang='lat' dir='ltr'><strong>et</strong></span> <span class='ocrx_word' id='word_1_234' title='bbox 1186 2985 1320 3040; x_wconf 83' lang='lat' dir='ltr'><strong>imbecilla</strong></span> <span class='ocrx_word' id='word_1_235' title='bbox 1344 3005 1391 3042; x_wconf 86' lang='lat' dir='ltr'><strong>cu·</strong></span> 
     </span>
     <span class='ocr_line' id='line_1_33' title="bbox 445 3065 1392 3154; baseline -0.017 -18"><span class='ocrx_word' id='word_1_236' title='bbox 445 3079 549 3154; x_wconf 87' lang='lat' dir='ltr'><strong>piditati</strong></span> <span class='ocrx_word' id='word_1_237' title='bbox 569 3076 751 3130; x_wconf 86' lang='lat' dir='ltr'><strong>adversaretur</strong></span> <span class='ocrx_word' id='word_1_238' title='bbox 771 3079 798 3124; x_wconf 91' lang='lat' dir='ltr'><strong>et</strong></span> <span class='ocrx_word' id='word_1_239' title='bbox 818 3068 967 3133; x_wconf 83' lang='lat' dir='ltr'><strong>obsisteret,</strong></span> <span class='ocrx_word' id='word_1_240' title='bbox 992 3066 1068 3120; x_wconf 85' lang='lat' dir='ltr'><strong>venia</strong></span> <span class='ocrx_word' id='word_1_241' title='bbox 1087 3065 1199 3134; x_wconf 82' lang='lat' dir='ltr'><strong>dignum</strong></span> <span class='ocrx_word' id='word_1_242' title='bbox 1218 3083 1278 3120; x_wconf 87' lang='lat' dir='ltr'><strong>esse</strong></span> <span class='ocrx_word' id='word_1_243' title='bbox 1298 3068 1392 3121; x_wconf 86' lang='lat' dir='ltr'><strong>incon·</strong></span> 
     </span>
     <span class='ocr_line' id='line_1_34' title="bbox 443 3139 1390 3220; baseline -0.022 -5"><span class='ocrx_word' id='word_1_244' title='bbox 443 3163 580 3220; x_wconf 87' lang='lat' dir='ltr'><strong>tinentem,</strong></span> <span class='ocrx_word' id='word_1_245' title='bbox 600 3172 661 3208; x_wconf 89' lang='lat' dir='ltr'><strong>cum</strong></span> <span class='ocrx_word' id='word_1_246' title='bbox 682 3159 770 3206; x_wconf 88' lang='lat' dir='ltr'><strong>tamen</strong></span> <span class='ocrx_word' id='word_1_247' title='bbox 791 3149 826 3202; x_wconf 83' lang='lat' dir='ltr'><strong>sit</strong></span> <span class='ocrx_word' id='word_1_248' title='bbox 846 3146 984 3220; x_wconf 85' lang='lat' dir='ltr'><strong>improbus</strong></span> <span class='ocrx_word' id='word_1_249' title='bbox 1004 3153 1031 3200; x_wconf 87' lang='lat' dir='ltr'><strong>ct</strong></span> <span class='ocrx_word' id='word_1_250' title='bbox 1051 3145 1248 3214; x_wconf 83' lang='lat' dir='ltr'><strong>vituperandus.</strong></span> <span class='ocrx_word' id='word_1_251' title='bbox 1265 3147 1290 3210; x_wconf 86' lang='grc'><strong>5.</strong></span> <span class='ocrx_word' id='word_1_252' title='bbox 1302 3139 1390 3202; x_wconf 71' lang='grc'><strong>3-4.</strong></span> 
     </span>
    </p>

    <p class='ocr_par' dir='ltr' id='par_1_19' title="bbox 337 3223 1391 3462">
     <span class='ocr_line' id='line_1_35' title="bbox 337 3223 1391 3320; baseline -0.021 -20"><span class='ocrx_word' id='word_1_253' title='bbox 337 3261 365 3320; x_wconf 75' lang='grc' dir='ltr'><strong>ρ.</strong></span> <span class='ocrx_word' id='word_1_254' title='bbox 389 3241 512 3300; x_wconf 83' lang='lat' dir='ltr'><strong>Secvrnda</strong></span> <span class='ocrx_word' id='word_1_255' title='bbox 531 3233 673 3290; x_wconf 83' lang='lat' dir='ltr'><strong>dubitatio.</strong></span> <span class='ocrx_word' id='word_1_256' title='bbox 694 3231 735 3284; x_wconf 87' lang='lat' dir='ltr'><strong>De</strong></span> <span class='ocrx_word' id='word_1_257' title='bbox 756 3229 850 3301; x_wconf 84' lang='lat' dir='ltr'><strong>quinta</strong></span> <span class='ocrx_word' id='word_1_258' title='bbox 869 3226 1005 3298; x_wconf 92' lang='lat' dir='ltr'><strong>opinione.</strong></span> <span class='ocrx_word' id='word_1_259' title='bbox 1026 3223 1212 3290; x_wconf 85' lang='lat' dir='ltr'><strong>Prudentiam‚</strong></span> <span class='ocrx_word' id='word_1_260' title='bbox 1233 3224 1257 3278; x_wconf 88' lang='lat' dir='ltr'><strong>si</strong></span> <span class='ocrx_word' id='word_1_261' title='bbox 1278 3225 1391 3278; x_wconf 90' lang='lat' dir='ltr'><strong>inconti-</strong></span> 
     </span>
     <span class='ocr_line' id='line_1_36' title="bbox 387 3303 1391 3386; baseline -0.019 -9"><span class='ocrx_word' id='word_1_262' title='bbox 387 3323 509 3377; x_wconf 89' lang='lat' dir='ltr'><strong>nentium</strong></span> <span class='ocrx_word' id='word_1_263' title='bbox 530 3311 721 3386; x_wconf 87' lang='lat' dir='ltr'><strong>cupiditatibus</strong></span> <span class='ocrx_word' id='word_1_264' title='bbox 742 3315 910 3380; x_wconf 72' lang='lat' dir='ltr'><strong>repugnaret,</strong></span> <span class='ocrx_word' id='word_1_265' title='bbox 931 3323 989 3360; x_wconf 86' lang='lat' dir='ltr'><strong>esse</strong></span> <span class='ocrx_word' id='word_1_266' title='bbox 1009 3303 1036 3358; x_wconf 90' lang='lat' dir='ltr'><strong>in</strong></span> <span class='ocrx_word' id='word_1_267' title='bbox 1050 3303 1154 3368; x_wconf 87' lang='lat' dir='ltr'><strong>eodem,</strong></span> <span class='ocrx_word' id='word_1_268' title='bbox 1176 3303 1277 3374; x_wconf 91' lang='lat' dir='ltr'><strong>inquo</strong></span> <span class='ocrx_word' id='word_1_269' title='bbox 1298 3304 1391 3358; x_wconf 85' lang='lat' dir='ltr'><strong>incon·</strong></span> 
     </span>
     <span class='ocr_line' id='line_1_37' title="bbox 387 3393 605 3462; baseline -0.032 -6"><span class='ocrx_word' id='word_1_270' title='bbox 387 3400 507 3456; x_wconf 83' lang='lat' dir='ltr'><strong>tinentia,</strong></span> <span class='ocrx_word' id='word_1_271' title='bbox 529 3399 554 3462; x_wconf 89' lang='grc'><strong>5.</strong></span> <span class='ocrx_word' id='word_1_272' title='bbox 576 3393 605 3450; x_wconf 88' lang='grc'><strong>5.</strong></span> 
     </span>
    </p>

    <p class='ocr_par' dir='ltr' id='par_1_20' title="bbox 338 3461 1392 3782">
     <span class='ocr_line' id='line_1_38' title="bbox 338 3461 1391 3555; baseline -0.021 -17"><span class='ocrx_word' id='word_1_273' title='bbox 338 3512 367 3555; x_wconf 73' lang='lat'><strong>7·</strong></span> <span class='ocrx_word' id='word_1_274' title='bbox 390 3481 480 3536; x_wconf 78' lang='lat' dir='ltr'><strong>Tertia</strong></span> <span class='ocrx_word' id='word_1_275' title='bbox 501 3470 641 3531; x_wconf 82' lang='lat' dir='ltr'><strong>dubitatio.</strong></span> <span class='ocrx_word' id='word_1_276' title='bbox 660 3471 703 3527; x_wconf 87' lang='lat' dir='ltr'><strong>De</strong></span> <span class='ocrx_word' id='word_1_277' title='bbox 724 3475 819 3540; x_wconf 79' lang='lat' dir='ltr'><strong>quarta</strong></span> <span class='ocrx_word' id='word_1_278' title='bbox 839 3466 882 3536; x_wconf 90' lang='lat' dir='ltr'><strong>(et</strong></span> <span class='ocrx_word' id='word_1_279' title='bbox 906 3463 1001 3536; x_wconf 85' lang='lat' dir='ltr'><strong>prima)</strong></span> <span class='ocrx_word' id='word_1_280' title='bbox 1029 3461 1165 3533; x_wconf 91' lang='lat' dir='ltr'><strong>opinione.</strong></span> <span class='ocrx_word' id='word_1_281' title='bbox 1193 3461 1391 3528; x_wconf 73' lang='lat' dir='ltr'><strong>Continuam,</strong></span> 
     </span>
     <span class='ocr_line' id='line_1_39' title="bbox 387 3543 1390 3629; baseline -0.022 -14"><span class='ocrx_word' id='word_1_282' title='bbox 387 3562 411 3614; x_wconf 89' lang='lat' dir='ltr'><strong>si</strong></span> <span class='ocrx_word' id='word_1_283' title='bbox 431 3562 561 3629; x_wconf 83' lang='lat' dir='ltr'><strong>repugnet</strong></span> <span class='ocrx_word' id='word_1_284' title='bbox 580 3549 675 3607; x_wconf 86' lang='lat' dir='ltr'><strong>validis</strong></span> <span class='ocrx_word' id='word_1_285' title='bbox 696 3547 808 3616; x_wconf 85' lang='lat' dir='ltr'><strong>etmulis</strong></span> <span class='ocrx_word' id='word_1_286' title='bbox 826 3543 1026 3617; x_wconf 84' lang='lat' dir='ltr'><strong>cupiditatibus,</strong></span> <span class='ocrx_word' id='word_1_287' title='bbox 1047 3559 1102 3596; x_wconf 89' lang='lat' dir='ltr'><strong>uon</strong></span> <span class='ocrx_word' id='word_1_288' title='bbox 1123 3558 1180 3594; x_wconf 84' lang='lat' dir='ltr'><strong>esse</strong></span> <span class='ocrx_word' id='word_1_289' title='bbox 1191 3548 1390 3612; x_wconf 82' lang='lat' dir='ltr'><strong>temperantem,</strong></span> 
     </span>
     <span class='ocr_line' id='line_1_40' title="bbox 386 3619 1392 3712; baseline -0.02 -18"><span class='ocrx_word' id='word_1_290' title='bbox 386 3640 484 3712; x_wconf 89' lang='lat' dir='ltr'><strong>quippe</strong></span> <span class='ocrx_word' id='word_1_291' title='bbox 504 3636 550 3708; x_wconf 92' lang='lat' dir='ltr'><strong>qui</strong></span> <span class='ocrx_word' id='word_1_292' title='bbox 571 3651 616 3688; x_wconf 90' lang='lat' dir='ltr'><strong>eas</strong></span> <span class='ocrx_word' id='word_1_293' title='bbox 636 3647 691 3684; x_wconf 90' lang='lat' dir='ltr'><strong>non</strong></span> <span class='ocrx_word' id='word_1_294' title='bbox 710 3627 821 3682; x_wconf 86' lang='lat' dir='ltr'><strong>babeat:</strong></span> <span class='ocrx_word' id='word_1_295' title='bbox 842 3625 885 3679; x_wconf 91' lang='lat' dir='ltr'><strong>sin</strong></span> <span class='ocrx_word' id='word_1_296' title='bbox 904 3620 1097 3694; x_wconf 86' lang='lat' dir='ltr'><strong>cupiditatibus</strong></span> <span class='ocrx_word' id='word_1_297' title='bbox 1117 3619 1196 3674; x_wconf 90' lang='lat' dir='ltr'><strong>bonis</strong></span> <span class='ocrx_word' id='word_1_298' title='bbox 1224 3627 1271 3672; x_wconf 93' lang='lat' dir='ltr'><strong>aut</strong></span> <span class='ocrx_word' id='word_1_299' title='bbox 1298 3619 1392 3675; x_wconf 88' lang='lat' dir='ltr'><strong>debili·</strong></span> 
     </span>
     <span class='ocr_line' id='line_1_41' title="bbox 387 3699 1391 3782; baseline -0.021 -8"><span class='ocrx_word' id='word_1_300' title='bbox 387 3721 447 3782; x_wconf 86' lang='lat' dir='ltr'><strong>bus,</strong></span> <span class='ocrx_word' id='word_1_301' title='bbox 468 3713 659 3770; x_wconf 89' lang='lat' dir='ltr'><strong>continentiam</strong></span> <span class='ocrx_word' id='word_1_302' title='bbox 679 3726 724 3762; x_wconf 89' lang='lat' dir='ltr'><strong>eas</strong></span> <span class='ocrx_word' id='word_1_303' title='bbox 745 3705 930 3777; x_wconf 89' lang='lat' dir='ltr'><strong>prohibentem</strong></span> <span class='ocrx_word' id='word_1_304' title='bbox 950 3719 1005 3756; x_wconf 91' lang='lat' dir='ltr'><strong>non</strong></span> <span class='ocrx_word' id='word_1_305' title='bbox 1026 3718 1084 3754; x_wconf 80' lang='lat' dir='ltr'><strong>esse</strong></span> <span class='ocrx_word' id='word_1_306' title='bbox 1105 3699 1204 3753; x_wconf 91' lang='lat' dir='ltr'><strong>bonam</strong></span> <span class='ocrx_word' id='word_1_307' title='bbox 1225 3706 1272 3752; x_wconf 91' lang='lat' dir='ltr'><strong>aut</strong></span> <span class='ocrx_word' id='word_1_308' title='bbox 1291 3699 1391 3769; x_wconf 84' lang='lat' dir='ltr'><strong>glorio-</strong></span> 
     </span>
    </p>
   </div>
   <div class='ocr_carea' id='block_1_7' title="bbox 310 3790 1363 3940">
    <p class='ocr_par' dir='ltr' id='par_1_21' title="bbox 310 3790 1363 3940">
     <span class='ocr_line' id='line_1_42' title="bbox 310 3790 1363 3940; baseline -0.03 -5"><span class='ocrx_word' id='word_1_309' title='bbox 310 3843 315 3850; x_wconf 35' lang='grc' dir='ltr'>Ι</span> <span class='ocrx_word' id='word_1_310' title='bbox 337 3879 364 3940; x_wconf 68' lang='lat' dir='ltr'><strong>t.</strong></span> <span class='ocrx_word' id='word_1_311' title='bbox 386 3790 650 3940; x_wconf 30' lang='lat' dir='ltr'><strong>&amp;Eitiudirbitatia</strong></span> <span class='ocrx_word' id='word_1_312' title='bbox 671 3867 712 3920; x_wconf 90' lang='lat' dir='ltr'><strong>De</strong></span> <span class='ocrx_word' id='word_1_313' title='bbox 732 3863 850 3919; x_wconf 86' lang='lat' dir='ltr'><strong>secunda</strong></span> <span class='ocrx_word' id='word_1_314' title='bbox 870 3863 911 3930; x_wconf 87' lang='lat' dir='ltr'><strong>(ct</strong></span> <span class='ocrx_word' id='word_1_315' title='bbox 929 3856 1031 3931; x_wconf 86' lang='lat' dir='ltr'><strong>prima)</strong></span> <span class='ocrx_word' id='word_1_316' title='bbox 1053 3857 1187 3928; x_wconf 88' lang='lat' dir='ltr'><strong>opinione.</strong></span> <span class='ocrx_word' id='word_1_317' title='bbox 1209 3859 1234 3922; x_wconf 84' lang='grc'><strong>5.</strong></span> <span class='ocrx_word' id='word_1_318' title='bbox 1256 3851 1363 3913; x_wconf 74' lang='grc'><strong>7.-10,</strong></span> 
     </span>
    </p>
   </div>
   <div class='ocr_carea' id='block_1_8' title="bbox 376 3939 1392 4498">
    <p class='ocr_par' dir='ltr' id='par_1_22' title="bbox 378 3939 1392 4106">
     <span class='ocr_line' id='line_1_43' title="bbox 378 3939 1392 4018; baseline -0.021 -7"><span class='ocrx_word' id='word_1_319' title='bbox 378 3945 424 4018; x_wconf 63' lang='lat' dir='ltr'><strong>aa.</strong></span> <span class='ocrx_word' id='word_1_320' title='bbox 446 3951 654 4012; x_wconf 79' lang='lat' dir='ltr'><strong>continentiam,</strong></span> <span class='ocrx_word' id='word_1_321' title='bbox 675 3945 698 3999; x_wconf 86' lang='lat' dir='ltr'><strong>ai</strong></span> <span class='ocrx_word' id='word_1_322' title='bbox 718 3945 746 3999; x_wconf 89' lang='lat' dir='ltr'><strong>in</strong></span> <span class='ocrx_word' id='word_1_323' title='bbox 766 3943 840 3998; x_wconf 89' lang='lat' dir='ltr'><strong>omni</strong></span> <span class='ocrx_word' id='word_1_324' title='bbox 860 3939 993 3996; x_wconf 87' lang='lat' dir='ltr'><strong>sententia</strong></span> <span class='ocrx_word' id='word_1_325' title='bbox 1010 3945 1168 4009; x_wconf 86' lang='lat' dir='ltr'><strong>perseveret,</strong></span> <span class='ocrx_word' id='word_1_326' title='bbox 1188 3954 1246 3990; x_wconf 84' lang='lat' dir='ltr'><strong>esse</strong></span> <span class='ocrx_word' id='word_1_327' title='bbox 1267 3953 1392 3990; x_wconf 88' lang='lat' dir='ltr'><strong>nonnun-</strong></span> 
     </span>
     <span class='ocr_line' id='line_1_44' title="bbox 445 4011 1231 4106; baseline -0.025 -17"><span class='ocrx_word' id='word_1_328' title='bbox 445 4052 526 4106; x_wconf 90' lang='lat' dir='ltr'><strong>quam</strong></span> <span class='ocrx_word' id='word_1_329' title='bbox 547 4033 653 4094; x_wconf 83' lang='lat' dir='ltr'><strong>malatn,</strong></span> <span class='ocrx_word' id='word_1_330' title='bbox 676 4021 895 4079; x_wconf 88' lang='lat' dir='ltr'><strong>incontinentiam</strong></span> <span class='ocrx_word' id='word_1_331' title='bbox 916 4026 1005 4072; x_wconf 85' lang='lat' dir='ltr'><strong>autern</strong></span> <span class='ocrx_word' id='word_1_332' title='bbox 1025 4017 1133 4070; x_wconf 87' lang='lat' dir='ltr'><strong>bonam.</strong></span> <span class='ocrx_word' id='word_1_333' title='bbox 1156 4019 1187 4089; x_wconf 78' lang='grc'><strong>5.</strong></span> <span class='ocrx_word' id='word_1_334' title='bbox 1203 4011 1231 4070; x_wconf 85' lang='grc'><strong>7.</strong></span> 
     </span>
    </p>

    <p class='ocr_par' dir='ltr' id='par_1_23' title="bbox 376 4093 1391 4326">
     <span class='ocr_line' id='line_1_45' title="bbox 376 4093 1391 4190; baseline -0.022 -20"><span class='ocrx_word' id='word_1_335' title='bbox 376 4129 423 4190; x_wconf 71' lang='lat' dir='ltr'><strong>pp.</strong></span> <span class='ocrx_word' id='word_1_336' title='bbox 432 4115 464 4168; x_wconf 91' lang='lat' dir='ltr'><strong>In</strong></span> <span class='ocrx_word' id='word_1_337' title='bbox 472 4110 597 4183; x_wconf 84' lang='lat' dir='ltr'><strong>captiosis</strong></span> <span class='ocrx_word' id='word_1_338' title='bbox 606 4093 1391 4162; x_wconf 83' lang='lat' dir='ltr'><strong>ratiocinationibuscontinentiammalam‚incontinentiam</strong></span> 
     </span>
     <span class='ocr_line' id='line_1_46' title="bbox 443 4171 1389 4326; baseline -0.021 -79"><span class='ocrx_word' id='word_1_339' title='bbox 443 4193 543 4326; x_wconf 65' lang='lat' dir='ltr'>bouem</span> <span class='ocrx_word' id='word_1_340' title='bbox 571 4205 627 4243; x_wconf 87' lang='lat' dir='ltr'><strong>esse</strong></span> <span class='ocrx_word' id='word_1_341' title='bbox 652 4183 775 4256; x_wconf 87' lang='lat' dir='ltr'><strong>reperiri,</strong></span> <span class='ocrx_word' id='word_1_342' title='bbox 796 4177 1003 4235; x_wconf 78' lang='lat' dir='ltr'><strong>comitandum</strong></span> <span class='ocrx_word' id='word_1_343' title='bbox 1023 4175 1135 4230; x_wconf 78' lang='lat' dir='ltr'><strong>nonsit</strong></span> <span class='ocrx_word' id='word_1_344' title='bbox 1161 4171 1389 4228; x_wconf 84' lang='lat' dir='ltr'><strong>conclusionibus.</strong></span> 
     </span>
    </p>

    <p class='ocr_par' dir='ltr' id='par_1_24' title="bbox 378 4329 1392 4498">
     <span class='ocr_line' id='line_1_47' title="bbox 378 4329 1392 4426; baseline -0.022 -19"><span class='ocrx_word' id='word_1_345' title='bbox 378 4380 429 4426; x_wconf 68' lang='lat' dir='ltr'><strong>W.</strong></span> <span class='ocrx_word' id='word_1_346' title='bbox 444 4351 473 4407; x_wconf 89' lang='lat' dir='ltr'><strong>Si</strong></span> <span class='ocrx_word' id='word_1_347' title='bbox 493 4349 553 4421; x_wconf 89' lang='lat' dir='ltr'><strong>quis</strong></span> <span class='ocrx_word' id='word_1_348' title='bbox 573 4345 645 4399; x_wconf 85' lang='lat' dir='ltr'><strong>bona</strong></span> <span class='ocrx_word' id='word_1_349' title='bbox 664 4358 713 4412; x_wconf 90' lang='lat' dir='ltr'><strong>pro</strong></span> <span class='ocrx_word' id='word_1_350' title='bbox 734 4337 810 4393; x_wconf 83' lang='lat' dir='ltr'><strong>maba</strong></span> <span class='ocrx_word' id='word_1_351' title='bbox 830 4335 930 4390; x_wconf 85' lang='lat' dir='ltr'><strong>habeat</strong></span> <span class='ocrx_word' id='word_1_352' title='bbox 948 4341 976 4389; x_wconf 87' lang='lat' dir='ltr'><strong>et</strong></span> <span class='ocrx_word' id='word_1_353' title='bbox 988 4341 1083 4388; x_wconf 85' lang='lat' dir='ltr'><strong>contra</strong></span> <span class='ocrx_word' id='word_1_354' title='bbox 1101 4333 1182 4389; x_wconf 83' lang='lat' dir='ltr'><strong>faciat</strong></span> <span class='ocrx_word' id='word_1_355' title='bbox 1201 4340 1281 4402; x_wconf 86' lang='lat' dir='ltr'><strong>atque</strong></span> <span class='ocrx_word' id='word_1_356' title='bbox 1301 4329 1392 4386; x_wconf 79' lang='lat' dir='ltr'><strong>existi·</strong></span> 
     </span>
     <span class='ocr_line' id='line_1_48' title="bbox 444 4411 1392 4498; baseline -0.021 -14"><span class='ocrx_word' id='word_1_357' title='bbox 444 4438 507 4494; x_wconf 89' lang='lat' dir='ltr'><strong>met,</strong></span> <span class='ocrx_word' id='word_1_358' title='bbox 528 4421 732 4498; x_wconf 87' lang='lat' dir='ltr'><strong>imprudentiam</strong></span> <span class='ocrx_word' id='word_1_359' title='bbox 753 4435 813 4474; x_wconf 87' lang='lat' dir='ltr'><strong>cum</strong></span> <span class='ocrx_word' id='word_1_360' title='bbox 840 4415 1034 4470; x_wconf 86' lang='lat' dir='ltr'><strong>incontinentia</strong></span> <span class='ocrx_word' id='word_1_361' title='bbox 1058 4411 1228 4481; x_wconf 81' lang='lat' dir='ltr'><strong>conjunctam</strong></span> <span class='ocrx_word' id='word_1_362' title='bbox 1255 4427 1314 4465; x_wconf 82' lang='lat' dir='ltr'><strong>erse</strong></span> <span class='ocrx_word' id='word_1_363' title='bbox 1339 4411 1392 4464; x_wconf 89' lang='lat' dir='ltr'><strong>vir·</strong></span> 
     </span>
    </p>
   </div>
   <div class='ocr_carea' id='block_1_9' title="bbox 443 4497 633 4572">
    <p class='ocr_par' dir='ltr' id='par_1_25' title="bbox 443 4497 633 4572">
     <span class='ocr_line' id='line_1_49' title="bbox 443 4497 633 4572; baseline -0.047 -6"><span class='ocrx_word' id='word_1_364' title='bbox 443 4517 537 4566; x_wconf 89' lang='lat' dir='ltr'><strong>tutem.</strong></span> <span class='ocrx_word' id='word_1_365' title='bbox 558 4507 583 4572; x_wconf 86' lang='grc'><strong>5.</strong></span> <span class='ocrx_word' id='word_1_366' title='bbox 605 4497 633 4559; x_wconf 87' lang='grc'><strong>9.</strong></span> 
     </span>
    </p>
   </div>
   <div class='ocr_carea' id='block_1_10' title="bbox 0 0 1536 5036">
    <p class='ocr_par' dir='ltr' id='par_1_26' title="bbox 0 0 1536 5036">
     <span class='ocr_line' id='line_1_50' title="bbox 0 0 1536 5036; baseline 0 0"><span class='ocrx_word' id='word_1_367' title='bbox 0 0 1536 5036; x_wconf 95' lang='lat' dir='ltr'><strong> </strong></span> 
     </span>
    </p>
   </div>
  </div>
 </body>
</html>
