3064 5036
558 307 724 378 conputus
745 302 805 358 run
827 304 871 358 vr.
1208 309 1296 364 uixi

282 535 332 582 yy.
347 508 410 564 Non
431 506 513 562 rnodo
534 524 622 562 rerum
642 507 827 576 singularium,
849 507 896 560 aed
921 515 948 562 et
968 471 1156 562 universalium
1184 510 1297 579 cogniti-

348 606 428 642 onem
447 587 571 658 prudenti
592 587 767 648 necessariam
787 605 854 640 esse.
879 589 907 652 8.
929 582 957 642 7.
1319 629 1326 638 .

282 665 326 728 ii.
348 667 519 722 Prudentiam
531 683 589 719 esse
608 664 800 736 principiorum
810 683 866 720 non
876 665 986 733 sciendi,
997 665 1043 720 sed
1054 667 1159 736 agendi.
1172 669 1197 732 8.
1209 661 1296 724 8-9.

210 751 236 804 b.
257 749 300 804 Ile
321 746 460 818 speciebus
481 745 645 816 prudentiae.

243 853 270 886 a.
293 828 409 897 Caput
428 841 564 880 nonum:
585 824 627 878 De
647 822 721 878 bons
740 824 944 878 consultatione.

283 931 331 966 aa.
351 906 455 960 Sonam
475 902 698 957 consultationem
718 921 774 958 uon
794 921 852 958 esse
872 904 1019 968 scientiam,
1039 921 1124 974 neque
1134 904 1298 976 opinionem,

348 1001 436 1055 neque
456 981 556 1036 bonnm
576 981 766 1051 conjecturam,
785 999 872 1053 neque
892 983 1071 1053 sagacitatem.
1092 986 1118 1048 8.
1135 978 1220 1042 1-3.
1240 987 1298 1039 init.

284 1077 332 1138 pp.
354 1064 385 1118 In
406 1079 502 1132 genere
523 1061 622 1115 bonam
643 1062 866 1116 consultationem
878 1081 936 1116 esse
955 1063 1141 1116 rectitudinem
1166 1066 1299 1135 quandam

353 1142 524 1212 cogitationis
544 1139 748 1194 affirmationem
768 1142 888 1194 nondum
908 1142 1043 1212 ponentis.
1065 1143 1091 1206 8.
1113 1135 1140 1198 3.

287 1248 339 1293 w.
352 1221 508 1276 Accusatius
528 1219 716 1274 delinientibus
737 1221 836 1274 bonam
860 1221 1083 1275 consultationem
1107 1238 1166 1276 esse
1193 1225 1301 1278 rectitu-

355 1301 451 1363 dinem,
472 1317 526 1370 qua
546 1299 692 1352 secundum
714 1301 857 1353 utilitatem
877 1299 995 1370 pergitur
1015 1301 1049 1354 sd
1076 1300 1190 1370 aliquem
1210 1306 1299 1368 tinem,

355 1378 431 1449 cujus
451 1380 511 1449 ipss
529 1377 672 1448 prudentis
691 1387 732 1432 est
751 1395 814 1432 esra
833 1379 1003 1434 existimatio.
1024 1382 1050 1445 8.
1071 1375 1158 1436 4-7.

250 1472 278 1531 p.
301 1451 417 1532 Caput
437 1457 624 1512 decimum:
645 1457 688 1510 De
708 1459 917 1529 perspicacitate.

290 1565 337 1598 aa.
358 1537 590 1608 Perspieaeitatenr
610 1553 665 1589 non
685 1553 744 1590 esse
765 1539 911 1604 scientiam,
931 1555 1016 1610 neque
1041 1537 1204 1609 opinionem·
1226 1543 1253 1605 8.
1276 1537 1302 1598 1.

291 1633 338 1692 pp.
359 1619 382 1672 A
402 1616 544 1750 prude2ntis
564 1616 601 1668 ita
621 1615 734 1681 differre,
754 1625 783 1670 ut
802 1617 847 1671 illa
867 1619 1022 1689 praecipiat,
1048 1617 1106 1688 ipsa
1126 1627 1215 1672 autem
1232 1619 1304 1688 judi·

358 1705 408 1750 cet.
431 1698 455 1761 8.
498 1733 505 1747 .

293 1805 343 1848 yy.
358 1775 589 1846 Perspicacitatem
609 1792 667 1830 eam
688 1793 755 1838 esse,
786 1795 854 1846 quae
880 1778 934 1830 alio
961 1778 1087 1848 loquente
1112 1777 1180 1832 bena
1202 1775 1306 1848 judicat

359 1856 391 1910 de
411 1855 501 1918 rebus,
521 1853 591 1907 circa
610 1871 677 1925 quas
698 1855 840 1924 prudentia
859 1865 987 1912 versatur.
1013 1859 1039 1922 8.
1059 1850 1146 1913 3-4.

251 1964 281 2008 y.
303 1936 412 2006 Caput
431 1933 659 1986 undecimum:
679 1933 722 1987 De
742 1937 881 1989 sententia.

292 2042 339 2075 a...
361 2012 525 2068 Sententiam
546 2030 604 2065 esse
626 2012 674 2066 viri
695 2013 760 2066 boni
781 2021 808 2068 et
828 2017 906 2086 aequi
927 2023 1029 2070 rectum
1045 2014 1187 2084 judicium.
1209 2019 1235 2083 8.
1259 2013 1285 2073 i.

292 2107 339 2167 pp.
361 2093 463 2148 Omnes
483 2093 533 2146 bos
554 2091 671 2156 babitus,
692 2095 852 2147 sententiam
878 2095 1103 2165 perspicuitatem
1130 2098 1306 2166 prudentiam,

359 2191 417 2228 esse
442 2169 600 2308 eopundem:
625 2179 803 2226 extremorum
828 2174 928 2229 seilicet
958 2183 985 2228 et
1011 2193 1099 2229 rerum
1124 2175 1307 2246 singularium.

294 2360 345 2405 cyp.
360 2333 525 2386 Intellectum
545 2331 643 2401 ipsum,
664 2333 710 2402 qui
730 2339 771 2385 est
794 2331 994 2404 principiorum,
1016 2333 1039 2387 si
1059 2342 1100 2387 est
1119 2333 1229 2399 activus,
1250 2353 1308 2388 esse

360 2411 551 2482 singularium,
579 2427 640 2462 cum
665 2412 693 2462 in
724 2411 827 2481 agendo
855 2411 987 2482 principis
1018 2415 1073 2465 sint
1105 2413 1251 2482 singularia
1283 2421 1309 2467 et

365 2509 445 2545 sensu
466 2489 583 2561 quodam
603 2490 739 2544 communi
759 2490 946 2560 percipiantur.
968 2492 994 2555 8.
1015 2487 1068 2545 4-
1076 2486 1103 2547 6.

225 2591 248 2626 a.
271 2571 383 2642 Caput
404 2568 664 2624 duodecimum:
684 2568 725 2622 De
746 2570 859 2624 utilitate
880 2567 1025 2640 sapientiae
1045 2579 1072 2624 et
1090 2570 1257 2641 prudentiae.

258 2677 287 2710 a.
309 2653 497 2721 Proponuntur
517 2656 571 2702 tres
591 2647 781 2714 dubitationes,
802 2647 901 2720 quibus
912 2649 1055 2720 quaeritur,
1067 2649 1193 2722 quidnam
1207 2650 1311 2722 prosint

307 2729 437 2800 sapientia
457 2736 483 2782 et
503 2727 651 2799 prudentis.
672 2730 697 2793 8.
721 2722 806 2785 1-3.

299 2833 345 2870 aa.
367 2807 530 2878 Sapientiam
549 2805 615 2860 nibil
636 2823 728 2860 eorum
749 2807 926 2871 considerare,
946 2808 1044 2881 quibus
1059 2809 1142 2864 bomo
1162 2809 1257 2864 beatus
1277 2810 1312 2863 sit
1345 2821 1354 2844 ⁸

365 2888 484 2950 futurum
505 2885 579 2956 quod
598 2885 649 2938 etsi
668 2885 748 2940 facist
767 2887 917 2958 prudentia,
945 2889 1242 2960 tamen‘cognitionem
1270 2905 1313 2943 so·

366 2969 419 3020 lam
440 2982 489 3019 nos
509 2967 633 3018 meliores
653 2983 708 3019 non
728 2967 846 3021 reddere.
868 2971 894 3033 8.
917 2962 943 3023 1.

300 3060 349 3118 pp.
370 3045 540 3100 Prudentiam
560 3061 610 3098 neo
633 3044 793 3099 habentibus
813 3048 937 3100 virtutem
965 3064 1023 3101 essa
1050 3047 1156 3113 utilem,
1181 3065 1231 3102 nec
1258 3065 1313 3100 non

367 3124 539 3178 habentibus.
561 3126 586 3190 8.
608 3117 636 3178 2.

302 3232 353 3276 yy.
368 3203 493 3258 Dubitari
512 3220 593 3274 posse
613 3203 760 3274 quomodo,
781 3222 841 3258 eum
852 3207 984 3276 sapientia
1003 3207 1039 3259 sit
1057 3203 1152 3276 major,
1172 3206 1315 3278 prudentia

370 3291 459 3338 tamen
480 3281 657 3353 principatum
678 3281 798 3338 obtinere
818 3285 912 3354 possit.
934 3287 959 3351 8.
981 3279 1007 3342 3.

263 3374 291 3433 β.
314 3365 456 3418 Tollantur
476 3362 525 3416 hae
545 3361 699 3432 propositae
720 3363 907 3418 dubitationes.
930 3366 955 3429 8.
976 3359 1084 3421 4-10.

304 3469 352 3503 aa.
374 3442 537 3513 Sapientiam
563 3447 590 3493 et
615 3441 800 3510 prudentiam.
825 3461 887 3496 cum
915 3443 970 3497 sint
995 3446 1121 3510 virtutes,
1141 3461 1189 3515 per
1209 3461 1238 3498 se
1258 3461 1317 3498 esse

371 3521 503 3594 optabiles
536 3527 563 3573 et
593 3520 755 3589 expetendas
780 3522 969 3594 operandoque
1001 3521 1134 3578 felicitatis
1159 3524 1318 3595 praecipuos

371 3601 448 3672 qussi
468 3615 595 3654 numeros
616 3598 699 3652 obire.
721 3602 747 3664 8.
768 3595 815 3655 4·-
828 3595 856 3657 6.

305 3693 352 3754 pp.
374 3682 411 3749 (a)
437 3681 562 3749 Aptiores
589 3678 623 3731 ad
650 3695 693 3732 res
717 3678 846 3734 honestas
872 3697 923 3735 nos
951 3680 1020 3734 effici
1040 3699 1059 3734 a
1080 3680 1230 3752 prudentia,
1250 3700 1319 3753 quae

370 3767 411 3814 est
430 3760 548 3812 sollertia
571 3756 747 3812 instrumenta
771 3759 902 3829 quaedam
928 3759 962 3813 ad
989 3759 1091 3814 bouum
1118 3763 1198 3816 finem
1223 3761 1321 3816 idonea

371 3838 544 3910 praecipiens.
564 3839 591 3901 8.
611 3829 721 3893 7-10.

238 3919 263 3973 d.
286 3921 399 3990 Caput
418 3916 558 3971 tertium
578 3916 761 3971 decimum:
788 3917 829 3972 De
848 3918 1005 3989 prudentiae
1025 3935 1087 3973 cum
1106 3919 1215 3992 reliquis
1240 3922 1323 3977 virtu·

288 3999 359 4052 tibus
379 3995 554 4052 connexione.

268 4103 296 4136 a.
317 4077 358 4151 (b)
379 4076 530 4132 Ssllertiam
549 4091 578 4128 se
599 4073 697 4129 babere
717 4073 753 4128 ad
782 4075 969 4145 prudentiam,
995 4085 1026 4132 ut
1052 4080 1185 4134 namrales
1212 4078 1323 4138 montes

317 4157 351 4210 sd
371 4154 477 4226 propria
498 4154 584 4208 dietas
604 4154 725 4208 virtutes.
745 4158 771 4220 8.
795 4149 821 4210 l.

268 4249 296 4308 p.
318 4237 351 4304 (r)
372 4233 544 4288 Prudentiam
564 4250 631 4297 esse,
652 4251 720 4304 qnae
743 4236 877 4306 naturales
904 4235 1015 4291 virtutes
1043 4237 1077 4290 ad
1100 4236 1208 4307 proprie
1239 4237 1324 4294 dictas

320 4315 430 4368 virtutes
451 4312 611 4376 transducit;
633 4311 703 4367 unde
723 4314 791 4378 lieri,
811 4320 842 4366 ut
861 4313 922 4368 illae
941 4317 993 4370 alia
1006 4315 1040 4370 ab
1059 4315 1228 4387 aliaquidem
1249 4335 1325 4388 sepa-

322 4392 382 4458 rari,
404 4393 453 4446 bae
474 4407 537 4446 sero
556 4391 746 4462 nonpossint.
766 4394 793 4456 8.
813 4385 901 4448 2-7.

271 4499 301 4542 7·
324 4473 388 4543 (W)
408 4469 581 4526 Prudentiam
601 4487 656 4525 non
677 4470 825 4542 sapientiae
841 4470 979 4543 imperare,
999 4473 1047 4527 sed
1066 4471 1124 4542 ejus
1144 4473 1237 4543 gratia.
1249 4477 1276 4542 8.
1295 4469 1325 4533 8.
