3064 5036
268 351 315 424 18
546 351 729 406 commentar.
751 349 785 404 ad
805 349 915 404 Aristot.
937 347 1022 406 Etbic.
1044 347 1148 404 Nicom.

265 571 410 638 rientiam
431 569 517 634 illam
540 565 672 651 adipisci
694 585 874 650 possumus.
909 564 1024 649 Incipit
1037 565 1130 651 igitur
1139 563 1266 650 juvenis
1285 587 1305 628 a
1320 563 1425 628 scien-

265 684 334 762 tiis,
370 681 410 747 sb
438 676 684 757 ruiiversalibus‚
719 677 759 742 ab
788 677 845 756 iis,
874 697 953 762 quae
984 686 1060 742 sunt
1089 697 1147 760 per
1176 676 1426 742 abstractionem

267 796 348 880 (inlr.
371 793 431 874 Vl,
454 817 482 860 c.
506 793 539 872 8,
563 793 592 877 b.
616 769 719 874 5-t);
742 800 776 855 et
797 799 921 874 postea,
945 809 1026 874 quae
1048 787 1168 866 didicit,
1190 788 1262 854 usui
1285 797 1320 852 et
1343 805 1426 852 oon-

265 907 424 974 suetudini
444 905 529 970 vitae
551 903 781 982 accommodat,
804 902 936 987 ipsaque
958 902 1024 968 vita
1046 899 1223 966 confirmat.
1269 899 1324 966 Sic
1348 921 1426 983 cog-

264 1021 344 1086 nitio
367 1017 555 1104 principium
570 1025 630 1095 eat,
654 1037 751 1100 aquo
772 1014 1019 1098 proficiscamur,
1042 1023 1075 1078 et
1089 1013 1235 1077 ultimum
1257 1012 1425 1096 refingium,

267 1133 307 1198 ed
331 1131 415 1218 quod
437 1130 671 1215 regrediamur,
693 1128 777 1218 vitae
800 1122 1044 1210 tempestatibus
1066 1123 1176 1190 suncti

355 1244 384 1328 §-
408 1243 439 1312 6.
485 1235 651 1324 ἀκούσεται)
676 1263 721 1306 sc.
745 1241 784 1305 de
807 1239 966 1318 auditore,
997 1247 1034 1302 ut
1060 1237 1155 1323 paulo
1184 1245 1258 1302 ante
1286 1235 1426 1302 vidimus

247 1344 306 1422 'ad
322 1357 350 1440 b.
365 1358 396 1434 5,
409 1377 441 1440 p.
458 1355 508 1421 17.
521 1352 655 1432 --τέλος
671 1347 747 1418 ἐστὶν
763 1345 795 1418 οὗ
809 1349 918 1436 γνῶσις)
942 1351 1091 1435 Cognito
1106 1371 1172 1416 non
1188 1358 1239 1414 est
1256 1348 1342 1426 finiS,
1367 1348 1426 1412 sed

264 1469 349 1534 utilis
377 1465 476 1532 modo
498 1467 539 1532 ad
561 1467 728 1551 agendum.
773 1463 968 1548 Philosopho
992 1463 1119 1562 quidem
1140 1461 1228 1526 etin
1250 1458 1425 1524 moralibus

266 1581 404 1668 cognitio
429 1579 501 1644 finis
525 1588 591 1656 est,
614 1577 744 1661 politico
765 1597 843 1642 vero
865 1577 965 1656 actim
995 1576 1060 1660 agit
1082 1584 1187 1640 autem
1209 1573 1272 1638 hoc
1294 1571 1424 1656 quidem

267 1695 339 1758 loeo
355 1692 545 1758 Aristoteles
567 1699 692 1754 tantum
713 1690 754 1754 de
775 1689 840 1754 fine
862 1689 1020 1773 politicae.

355 1805 384 1889 b.
410 1805 440 1869 7.
486 1794 568 1886 capul
590 1796 703 1884 χρόνον)
726 1801 747 1865 i.
769 1823 797 1866 e.
816 1807 942 1884 propter
963 1806 1096 1884 ἰιιιιριιιι
1113 1821 1178 1866 non
1202 1811 1253 1868 est
1274 1801 1368 1884 culpa
1391 1801 1423 1866 in

264 1929 419 2002 tempore.
451 1958 494 1968 --
523 1906 674 1998 ἅκριτέσι)
707 1913 945 1980 incontinentes
978 1905 1133 1996 (ἀκρατεῖς)
1170 1913 1255 1978 eninr
1280 1913 1307 1978 ii
1337 1924 1423 1992 sunt,

265 2032 335 2116 qui,
358 2031 432 2096 licet
453 2051 519 2094 non
541 2027 704 2114 ignorent,
728 2026 802 2112 quid
824 2025 1078 2110 persequendum
1101 2025 1215 2111 quidve
1237 2016 1423 2110 fugiendum

265 2143 322 2222 sit,
351 2141 561 2206 absorbentur
582 2151 691 2206 tamen
713 2149 810 2204 aestu.
826 2137 1042 2222 cupiditatum.
1089 2138 1154 2206 Qui
1175 2138 1218 2206 sit
1240 2131 1368 2223 ἀκρατής
1391 2149 1425 2202 et

265 2248 417 2340 ὴιρατής,
446 2262 481 2320 et
503 2252 663 2338 quomodo
691 2249 732 2316 ab
761 2243 919 2333 ἀκολάστῳ
948 2259 982 2318 et
1008 2243 1137 2333 σώφρονι
1167 2250 1329 2330 different,
1365 2265 1424 2316 suo

263 2369 335 2434 loco
359 2375 499 2450 exponet
518 2364 674 2432 uberrime
696 2363 886 2434 Aristoteles
908 2361 990 2444 (infr.
1014 2361 1086 2440 Vll,
1111 2385 1138 2426 c.
1164 2363 1279 2445 ltlo).
1524 2351 1525 2362 ¹

348 2480 382 2564 b.
405 2479 436 2546 8.
482 2461 722 2564 πὲφροιμιιίσθω)
753 2475 883 2543 Inverso
906 2475 1016 2540 ordine
1038 2483 1103 2540 tres
1125 2473 1280 2558 prooemii
1298 2485 1423 2558 partes,

265 2615 342 2679 quas
366 2599 574 2676 exposuerat,
598 2590 727 2673 alleget:
762 2589 791 2671 1)
816 2589 856 2652 de
879 2585 1023 2672 subjecto
1049 2586 1271 2670 philosophiae
1294 2589 1423 2654 moralis

265 2707 304 2788 (c.
329 2705 344 2771 1
372 2703 477 2786 et2);
500 2703 533 2784 2)
557 2701 811 2766 demodocum
832 2697 989 2764 tractandi
1018 2699 1059 2782 (ο.
1081 2698 1119 2779 3,
1144 2700 1174 2783 §a
1199 2700 1300 2782 1-4);
1324 2699 1358 2783 3)
1382 2701 1422 2766 de

264 2815 405 2880 auditore
417 2813 500 2878 illius
515 2809 666 2878 scientiae
681 2811 720 2892 (o.
737 2809 769 2890 3,
785 2810 814 2893 b.
827 2808 911 2892 l-8).
939 2809 1094 2876 Nonnulli
1106 2820 1210 2876 totum
1222 2812 1422 2895 prooemium

263 2929 293 2990 in
318 2948 414 2989 unum
439 2934 535 3008 caput
556 2925 796 3009 conjunxerunt
833 2922 969 3001 Omnes,
991 2922 1293 2990 Aristotelis-verba
1309 2925 1421 3002 secuti,

263 3039 314 3104 hio
343 3037 498 3122 prooemii
526 3036 623 3104 finem
652 3056 724 3102 esse
753 3044 906 3100 statuunt.
953 3035 1019 3125 Sed
1042 3045 1188 3119 quartum
1217 3045 1329 3120 ceput,
1361 3037 1423 3102 etsi

262 3151 427 3216 materiam
449 3157 585 3216 tractme
606 3147 736 3231 incipiet
759 3145 891 3230 (λέγωμεν
913 3139 937 3210 l’
958 3139 1155 3230 ἀναλαβόντες)
1180 3157 1214 3212 et
1227 3148 1268 3214 de
1290 3149 1421 3214 nomine

264 3263 379 3328 summi
400 3260 477 3326 boni
504 3260 666 3346 loquatur,
693 3267 801 3324 tamen
828 3260 994 3342 prooemio
1023 3259 1136 3324 melius
1166 3261 1298 3326 forsitan
1321 3261 1420 3328 adda-

263 3385 324 3454 tur,
349 3395 420 3438 cum
432 3372 621 3443 Aristoteles
645 3391 770 3438 crrrsum
788 3369 940 3436 orationis
962 3369 1195 3456 interrumpens
1211 3373 1251 3437 de
1266 3374 1421 3438 methodo

263 3486 365 3550 adhuc
387 3484 538 3552 nonnulle
565 3483 628 3550 hoc
649 3483 753 3568 capite
775 3483 933 3567 explanet
978 3483 1014 3548 ld
1035 3484 1216 3550 Eustratius
1239 3487 1308 3570 jam
1328 3485 1418 3563 vidit,

264 3598 316 3684 qui
340 3597 441 3681 (initio
464 3596 681 3664 commentarii
703 3596 735 3660 in
751 3613 820 3680 cap.
833 3596 866 3677 5)
881 3595 1085 3660 Aristotelem
1099 3597 1250 3662 nonnulla
1264 3599 1419 3682 quaedam

262 3711 302 3776 de
314 3709 449 3777 docendi
461 3710 751 3791 modoinlerjtciese
764 3702 978 3793 (παρεμβαλῶν)
990 3708 1135 3774 affirmet.
1160 3709 1418 3794 Quintodemum

263 3822 461 3905 capite-redit
471 3821 684 3906 Philosophus
700 3821 740 3886 ab
754 3819 808 3886 ille
819 3820 1038 3905 digressiones
1056 3812 1134 3907 ἡμεῖς
1149 3819 1181 3886 dl
1196 3819 1328 3906 λέγωμεν,
1352 3809 1419 3888 ‘lae

262 3933 465 4020 παρεξέβημεν,
486 3933 532 4000 itd
545 3943 582 3998 ut
597 3933 637 4000 ab
652 3933 715 3998 hoc
737 3931 840 4017 capite
855 3932 1051 4000 commodius
1074 3935 1215 4000 secunda
1236 3955 1310 4019 pars
1324 3934 1419 4018 primi

261 4045 332 4112 libri
364 4045 534 4126 ordiretm,
572 4046 635 4114 nisi
667 4045 735 4130 jam
770 4055 804 4110 et
834 4044 968 4112 matoria
1002 4055 1114 4130 quarto
1153 4046 1256 4136 capite
1289 4047 1420 4112 tractari

262 4167 376 4242 coepta
398 4167 494 4224 esset.
540 4156 705 4242 Digressio
728 4157 821 4242 igitur
842 4157 905 4236 illa,
928 4157 949 4223 i.
973 4163 1001 4223 e'.
1025 4179 1098 4241 pars
1120 4160 1279 4243 posterior
1303 4159 1417 4244 capitis

262 4270 364 4356 quarti
387 4271 427 4354 (b.
444 4270 529 4352 5-7),
551 4269 691 4354 pertinet
714 4270 754 4334 ad
776 4269 991 4352 prooemiumr
1014 4291 1087 4354 pars
1110 4271 1197 4354 prior
1212 4271 1261 4356 tt.
1280 4271 1354 4355 1-4)
1377 4273 1419 4336 ad

261 4382 433 4448 secundam
455 4381 548 4467 primi
569 4381 640 4448 libri
661 4390 795 4465 partem,
818 4390 855 4446 ut
877 4391 1069 4466 conspectus
1091 4393 1201 4450 noster
1222 4383 1372 4450 declarat.

349 4493 449 4560 GAP.
474 4492 534 4558 lv.
579 4495 609 4577 b.
636 4493 672 4559 1..
712 4493 804 4574 (Cap.
834 4491 884 4575 ΙΙ.)
931 4486 1128 4577 ἀναλαβόντες)
1143 4497 1349 4565 ,Accuratius
1381 4507 1415 4561 et
