3064 5036
197 393 200 400 .
231 355 256 408 x
737 349 881 408 Praefatio.

229 552 342 618 borum
366 553 549 618 introduxit.
596 539 791 619 Cardweilus
813 550 973 616 interdurn
987 550 1112 636 longius
1128 573 1146 614 a
1161 551 1287 636 vulgata
1310 550 1386 632 abit,

229 676 480 760 pluraeoodiuis
503 675 551 746 sui
575 674 763 742 auctoritate
786 673 950 740 omittens.
982 672 1176 759 Saepissime
1198 673 1386 741 Parisiensis

228 794 320 864 Zellii
342 799 442 864 codex
465 820 537 864 cum
568 797 660 864 novis
686 797 823 864 Bekireri
851 795 1040 862 lectionibus
1071 797 1241 864 consentit.
1293 797 1385 864 Non-

228 945 389 1008 nunquam
402 932 508 986 tamen
521 921 639 986 Zellius
651 921 768 988 variam
785 921 941 1007 quandam
953 921 1122 987 lectionem
1142 921 1270 988 silentio
1292 922 1387 1008 plane

199 1030 205 1042 ’
228 1044 389 1130 praeterit,
402 1053 457 1110 aut
469 1045 581 1110 saltem
592 1045 719 1112 codices
735 1067 799 1110 non
812 1045 936 1130 allegat.
954 1045 1052 1113 Quod
1073 1067 1145 1110 cum
1163 1045 1290 1130 saepius
1301 1045 1386 1112 Wil-

227 1168 365 1232 kinsono
394 1167 547 1268 accidisse
576 1167 752 1246 inveniam,
781 1171 822 1234 ad
850 1170 910 1234 hos
940 1170 1038 1238 locos.
1057 1168 1185 1235 codices
1216 1189 1292 1234 suos
1318 1189 1385 1232 non

227 1290 404 1376 inspexisse
435 1290 513 1356 mihi
540 1291 675 1358 videtur.
721 1294 846 1358 Teneat
874 1293 968 1378 igittn
998 1293 1099 1360 lector
1127 1291 1160 1356 iu
1190 1290 1386 1370 universum,

228 1415 348 1480 multos
377 1437 448 1480 esse
477 1416 584 1494 locos,
614 1415 645 1480 in
676 1415 807 1501 quibus,
837 1439 909 1482 oum
937 1415 1055 1480 nullam
1084 1415 1231 1480 codicum
1254 1413 1386 1480 editoris

229 1539 359 1624 alicujus
381 1538 500 1603 vadam
522 1538 692 1604 lectionem
717 1548 847 1623 propter
869 1539 969 1623 ipsius
992 1538 1152 1604 silentium
1184 1537 1293 1604 efferre
1323 1557 1383 1620 po-

227 1662 353 1740 tuerim,
377 1659 530 1741 dubitem,
554 1671 660 1726 utrum
682 1662 818 1746 inspecti
840 1662 965 1741 fuerint,
992 1683 1105 1728 necne.
1149 1659 1384 1726 Nonnullornm

226 1808 302 1852 vero
330 1784 462 1849 aliorum
489 1785 632 1850 locorum
662 1785 766 1850 variae
794 1785 949 1852 lectiones
975 1785 1103 1852 levioris
1131 1783 1285 1850 momenti
1307 1783 1385 1848 mibi

226 1911 312 1974 visae
336 1918 420 1988 sunt,
445 1929 538 1993 quam
563 1917 599 1972 ut
624 1909 781 1974 notandas
799 1907 1018 1994 judicaverim.

315 2033 482 2096 Praeterea
503 2054 576 2097 cum
600 2031 740 2096 Zelliana
765 2031 863 2096 editio
886 2031 995 2098 multis
1024 2050 1191 2115 operarum
1219 2041 1253 2096 et
1282 1999 1383 2115 negli-

225 2155 350 2240 gentiae
373 2153 511 2220 auctoris
533 2154 620 2219 uitiis
643 2153 858 2220 contaminate
881 2155 924 2221 sit
945 2155 1003 2235 (id,
1026 2155 1111 2240 quod
1132 2157 1237 2220 velex
1259 2176 1298 2220 eo
1323 2176 1381 2228 ,εο-

224 2277 335 2362 gnosci
363 2288 488 2361 potest,
518 2278 603 2363 quod
632 2279 716 2343 haud
744 2299 815 2343 raro
844 2277 1037 2346 Wiikinsoni
1064 2279 1190 2344 codices
1216 2299 1382 2362 perperam

224 2400 358 2482 citavit),
382 2401 502 2480 nescio,
525 2424 565 2466 an
589 2423 715 2487 semper
736 2402 924 2468 Parisiensis
947 2411 980 2468 et
995 2401 1250 2469 Vratislaviensis
1269 2400 1383 2468 lectio-

224 2523 318 2588 nibus
339 2523 420 2588 tides
442 2523 589 2590 habenda
611 2525 663 2590 sit.
700 2528 785 2592 Nam
808 2526 933 2594 etiamsi
950 2525 1277 2612 Schweighaeuserus,
1300 2526 1382 2590 Pas-

225 2647 332 2712 sovius
354 2647 472 2730 etipse
487 2649 722 2714 accuratissime
738 2651 939 2714 collationem
953 2649 1067 2712 fecisse
1081 2648 1257 2722 videantur,
1272 2653 1381 2708 tumen

225 2779 316 2834 sueta
344 2768 534 2851 negligentia
563 2769 657 2853 siglas
676 2769 830 2834 codicum
858 2771 941 2835 inter
969 2791 1005 2833 se
1035 2776 1235 2852 permutasse
1263 2765 1383 2832 Zellius

224 2891 328 2976 putari
357 2898 485 2974 potest3
516 2891 565 2967 id,
596 2891 680 2975 quod
710 2889 856 2958 Bekkero
884 2892 946 2976 ipsi
973 2911 1201 2975 nonnunquam
1229 2889 1383 2958 occidisse

225 3016 330 3081 eredo.
375 3015 460 3078 Nam
481 3013 514 3077 in
538 3015 656 3100 majore
680 3015 808 3100 quidem
831 3023 922 3100 porte
945 3037 1053 3080 earum
1081 3015 1271 3092 lectionum,
1301 3034 1381 3098 quae

224 3140 314 3204 aliter
335 3163 354 3202 a
378 3139 564 3214 Cardwclio,
590 3161 683 3222 quam
707 3162 726 3202 a
749 3138 906 3218 Bekkero,
931 3138 1179 3214 eLaurentiano
1202 3133 1280 3217 (Kb)
1301 3137 1381 3201 affe·

222 3271 345 3339 runtnr,
368 3281 558 3345 quamquam
582 3272 625 3325 et·
639 3261 837 3326 Cardweilus‘
861 3262 955 3340 dicit,
984 3285 1021 3328 se
1049 3263 1082 3327 in
1111 3283 1204 3326 usnm
1233 3259 1383 3326 editionis

223 3406 299 3448 suae
325 3382 480 3446 minutam
510 3384 604 3468 liujus
634 3384 752 3450 codicis
782 3385 990 3451 collationem
1006 3386 1185 3452 faciendum
1209 3383 1380 3462 curavisse,

221 3508 321 3592 ipsius
344 3517 450 3570 tamen
474 3507 611 3572 Bekkeri
633 3508 734 3572 oculis
755 3510 907 3594 majorem
929 3511 1026 3574 fidem
1038 3509 1237 3574 tribuendam
1252 3528 1382 3586 censeo,

223 3653 317 3716 quem
341 3629 527 3694 mandatarii
552 3629 782 3695 Cordweliiani.
828 3631 861 3694 in
886 3631 1074 3717 quibusdam
1098 3653 1174 3696 vero
1205 3631 1274 3694 aliis
1301 3629 1381 3694 locis

223 3753 379 3818 dubitatio
402 3754 455 3817 vix
478 3753 568 3818 aliter
591 3753 704 3837 expelii
727 3775 825 3838 posse
846 3755 989 3834 videtur,
1019 3777 1114 3840 quem
1140 3763 1177 3818 ut
1198 3753 1381 3818 Bekkerum

223 3897 344 3942 errasse
368 3876 465 3953 dicas,
490 3876 573 3942 sicut
596 3899 613 3940 ε
636 3877 872 3942 commentariis
894 3878 974 3943 meis
997 3876 1175 3963 apparebit.

311 4001 361 4063 Ad
385 3998 599 4082 designandos
619 4000 718 4080 iocos,
741 4023 823 4085 quos
842 4023 881 4066 ex
902 4001 1075 4066 Aristotele
1103 3999 1206 4080 citavi,
1230 4019 1301 4062 eam
1324 4019 1378 4062 ca·

223 4122 325 4205 pitum
349 4121 536 4187 diuisionem
560 4133 689 4188 secutus
712 4145 793 4204 sum,
817 4146 912 4208 quam
935 4123 1098 4188 Bekkerus
1120 4122 1154 4186 in
1170 4143 1227 4186 sua
1241 4120 1382 4186 editione

223 4245 381 4330 praetulit,
404 4245 544 4330 exceptis
566 4246 646 4311 locis
667 4255 849 4312 nostrorum
873 4245 1059 4312 Etbieorum
1081 4244 1382 4324 Nicomeobeorum,

225 4390 305 4452 qiros
324 4368 393 4453 jure
418 4391 456 4432 ex
479 4390 549 4434 mea
572 4369 710 4436 editione
725 4370 901 4436 laudandos
923 4368 1042 4455 putavi.
1081 4369 1231 4454 Cupitum
1247 4365 1383 4443 numeri,
