3064 5036
274 315 374 372 xvttl.
705 312 874 385 Conspectus
895 312 955 370 libri
976 314 997 369 1.

414 538 465 584 w·
480 512 585 568 Habete
606 530 716 586 aequam
737 515 936 570 difficultatem:
956 522 984 570 et
1005 514 1137 586 pertinere
1155 514 1192 570 ad
1219 505 1353 574 niortuum
1378 517 1430 574 for·
1520 541 1522 586 l

481 601 561 648 tunae
582 594 745 649 mutationes
765 604 792 649 et
812 611 867 650 non
888 594 1028 665 pertinere.
1049 596 1073 663 §.
1094 588 1182 652 3-5.
1521 591 1522 596 ¹

373 685 401 746 ρ,
423 672 478 734 Qui
498 672 608 808 felix6in
629 673 692 808 1111,
714 691 770 727 non
796 681 859 745 post
884 683 999 728 mortem
1023 669 1131 730 demum
1151 675 1254 730 felicem
1274 676 1429 747 praedicatu·
1520 621 1522 718 i

424 752 496 805 dum.
518 754 541 820 §.
587 749 637 807 -1
663 793 670 808 .
1521 797 1522 806 .

414 856 460 892 aa.
481 831 563 892 Quod
584 848 644 886 vere
665 839 706 886 est
732 839 936 896 sememonten,
957 840 1019 886 ante
1039 839 1152 886 mortem
1174 832 1202 886 id
1222 841 1250 887 et
1270 851 1330 889 sere
1353 852 1430 906 posse
1520 833 1522 840 ’

480 909 636 982 praedicari.
661 913 686 979 ξ.
705 906 734 966 7.

366 1056 368 1060 Ι
413 1001 461 1061 1³1³·
481 989 646 1044 Felicitatem
665 1005 721 1044 non
739 989 862 1044 fortunae
880 988 1044 1044 mutationes
1064 989 1150 1060 sequi.
1171 992 1194 1058 §.
1214 985 1244 1046 8.

414 1095 465 1139 pp.
480 1069 653 1205 felicitateqa
672 1068 922 1205 iqooperstionibns
942 1071 1024 1123 animi
1043 1069 1169 1140 positam,
1189 1069 1286 1126 stabile
1306 1072 1431 1143 quiddam

416 1153 420 1160 “
483 1165 550 1203 ease.
593 1189 599 1200 .
640 1179 676 1190 -
720 1189 728 1204 .
1520 1157 1522 1196 l

374 1253 404 1297 y.
422 1227 537 1284 Felicem
559 1151 669 1282 cirnino
688 1245 744 1282 uon
764 1227 832 1292 esse,
852 1229 906 1282 nisi
926 1227 1031 1302 risum.
1044 1229 1067 1294 §.
1090 1221 1217 1286 11-16.
1520 1221 1522 1286 i

414 1333 460 1365 aa.
482 1307 597 1361 Felicem
617 1307 687 1362 enirn
709 1325 777 1374 esse,
798 1306 843 1378 qui
864 1307 1009 1361 secundum
1030 1307 1155 1362 virtutem
1175 1316 1246 1378 agat.
1267 1309 1290 1376 1.
1312 1302 1360 1365 11.
1520 1301 1522 1326 ³

413 1397 461 1457 μβ.
482 1385 579 1440 Utrum
589 1386 698 1440 fortuna
707 1387 837 1442 momenti
847 1386 882 1440 sit
892 1385 1031 1455 cujusdam
1047 1385 1081 1439 ad
1091 1385 1255 1443 felicitatem.
1267 1390 1292 1457 ὁ.
1305 1381 1430 1445 12-14,

483 1479 506 1518 c.
527 1465 659 1520 Virtutem
680 1474 707 1521 et
726 1483 773 1537 per
793 1483 904 1536 magnas
927 1464 1092 1519 calamitates
1112 1466 1297 1538 transfulgere.
1317 1470 1342 1536 §.
1366 1461 1411 1524 12.

482 1543 506 1597 i.
527 1545 639 1599 Felicem
661 1562 798 1617 nunquam
818 1545 944 1599 miserum
964 1543 1040 1598 reddi
1060 1545 1265 1606 calamitatibus.
1287 1549 1310 1616 §.
1334 1541 1380 1604 13.

484 1639 503 1677 r.
525 1624 648 1760 Maqriqnis
669 1623 865 1680 calamitatibus
885 1622 1086 1689 beatitudinem,
1111 1625 1159 1679 sed
1179 1625 1303 1691 difficile,
1328 1624 1431 1698 expelli.

413 1808 464 1854 yy.
478 1783 608 1838 Definitio
627 1784 732 1854 plenior
750 1781 894 1836 felicitatis.
918 1783 942 1850 t.
965 1775 1092 1838 15-16.

481 1881 505 1917 u.
526 1863 639 1917 llos-tem
661 1861 731 1915 sitae
751 1861 913 1932 respondere
932 1860 1037 1916 debere.
1058 1863 1082 1929 ὁ.
1105 1857 1151 1918 15.

479 1943 503 1998 b,
524 1943 591 1996 llam
610 1941 765 1996 felicitatem
784 1957 844 1996 esse
861 1940 1015 2005 humanam,
1034 1957 1090 1996 non
1110 1941 1234 1997 divinam.
1255 1943 1280 2010 §.
1302 1936 1351 1998 16.

343 2043 366 2079 c.
387 2021 499 2093 Caput
518 2021 752 2076 undecimum:
779 2021 821 2074 An
847 2037 891 2074 res
911 2020 1037 2075 adversae
1058 2022 1098 2075 vel
1121 2037 1265 2092 prosperae
1285 2023 1432 2076 amicorum

385 2103 426 2156 vel
445 2109 613 2171 posterorum
635 2099 670 2153 ad
690 2099 780 2154 felices
800 2102 959 2170 pertineant.

374 2207 400 2240 a.
422 2179 593 2234 calamitates
613 2193 783 2250 posterorum
804 2188 831 2233 et
841 2178 986 2233 amicorum
1000 2179 1133 2250 pertinere
1152 2177 1187 2232 ad
1199 2178 1295 2234 felices.
1306 2181 1330 2248 §.
1344 2175 1390 2236 1-
1402 2173 1431 2236 2.

372 2271 400 2330 p.
421 2257 536 2313 Multum
556 2267 644 2312 tamen
665 2257 777 2322 differre,
797 2267 887 2312 utrum
907 2275 1020 2328 magnac
1040 2257 1093 2311 sint
1112 2275 1206 2324 necne,
1226 2267 1374 2330 utrumper
1394 2244 1432 2313 vi'-

423 2347 478 2392 tam
500 2357 533 2392 an
554 2343 749 2408 postmortem
770 2337 876 2392 demum
898 2337 1027 2393 accidant.
1049 2339 1072 2404 d.
1094 2330 1181 2393 3-1.

373 2443 401 2489 p.
424 2417 596 2552 Calamiqates
616 2425 662 2471 aut
681 2433 785 2490 parunt,
804 2424 850 2472 ant
870 2417 980 2472 omnino
1003 2433 1058 2471 non
1086 2417 1121 2470 ad
1141 2425 1262 2472 mortuos
1287 2421 1430 2490 pertinere.

342 2577 367 2632 d.
390 2576 503 2647 Caput
529 2576 781 2633 duodecimam:
806 2575 902 2629 Utrum
930 2574 1068 2629 beatitudo
1095 2577 1166 2629 site
1193 2591 1304 2632 numero
1326 2593 1431 2639 eorum,

389 2674 456 2728 quae
476 2656 563 2721 laude,
583 2674 617 2710 an
638 2672 740 2721 eorum,
760 2672 829 2726 quae
848 2654 951 2708 bonore
972 2663 1035 2708 sunt
1058 2655 1148 2723 digna.

372 2762 398 2796 a.
420 2735 566 2797 Quomodo
587 2735 691 2790 dill'erat
710 2733 843 2789 laudabile
863 2732 897 2785 ab
917 2731 1077 2787 honorabili.
1099 2733 1122 2800 i.
1146 2725 1232 2788 1-3.

371 2827 399 2884 β.
421 2813 618 2869 Beatitudinem
638 2829 694 2869 non
710 2831 768 2868 esse
788 2810 961 2866 laudabilium
981 2811 1123 2876 bonoram,
1145 2813 1168 2879 t.
1189 2805 1277 2868 l-6,

371 2923 400 2966 y.
423 2893 470 2948 sed
489 2893 694 2949 honorabilium.
715 2893 737 2961 §.
759 2885 847 2948 7-8.

342 2994 363 3027 e.
386 2973 502 3044 Caput
522 2973 668 3028 tertium
688 2971 868 3026 decimum:
879 2969 1049 3033 Quaerenda,
1059 2967 1108 3022 ubi
1118 2967 1154 3022 sit
1165 2969 1286 3036 felicitas,
1299 2972 1429 3024 transitur

386 3054 419 3108 ad
439 3052 651 3125 disquisitionem
673 3051 786 3105 virtutis.

266 3181 267 3188 ,
372 3159 398 3192 a.
420 3133 585 3186 Felicitatem
605 3131 670 3204 poni
690 3133 717 3184 in
739 3127 820 3183 animi
841 3125 991 3181 virtutibus.
1012 3128 1035 3196 §.
1059 3121 1145 3182 1—8.

411 3237 457 3271 aa.
478 3211 519 3266 De
539 3212 636 3266 virtute
655 3208 767 3281 politico
788 3205 995 3278 disquirendum.
1016 3209 1040 3276 §.
1061 3201 1152 3263 2-5·

290 3289 294 3298 ’
410 3303 457 3363 pp.
478 3289 610 3345 Virtutem
631 3288 710 3342 sitam
730 3301 788 3342 esse
808 3285 836 3338 in
856 3285 955 3340 animo.
976 3287 1001 3354 §.
1022 3281 1049 3342 6.

411 3397 461 3440 pp.
475 3370 618 3430 Politioum
638 3366 754 3421 animam
774 3381 937 3434 cognoscere
956 3365 1062 3420 debere.
1082 3367 1105 3433 i.
1126 3360 1214 3422 7-8.

370 3464 398 3521 ρ,
420 3451 451 3504 ln
471 3458 538 3520 quot
557 3455 648 3520 partes
668 3444 801 3499 dividatur
820 3445 918 3498 anima.
939 3446 963 3513 §.
984 3439 1091 3502 9-19.

411 3553 457 3588 aa.
479 3527 625 3589 Quomodo
644 3542 707 3596 pars
725 3523 864 3578 rationalis
885 3523 919 3576 ad
933 3523 1112 3579 irrationalem
1123 3542 1153 3578 se
1166 3522 1307 3592 habeat.·§.
1319 3517 1429 3580 9-10.

409 3620 457 3680 pp.
477 3608 582 3660 Partem
602 3603 755 3740 qqtritivam
775 3617 832 3658 nort
852 3602 886 3657 ad
905 3612 1024 3658 nostram
1051 3604 1182 3675 pertinere
1204 3603 1428 3674 disquisitionem.

477 3687 504 3819 it..
525 3681 592 3818 iliae
612 3761 680 3817 enim
702 3777 871 3815 communem
892 3759 1017 3814 omuibus
1039 3759 1227 3816 animantibus.
1249 3762 1272 3829 §.
1295 3754 1342 3816 11.
1517 3769 1518 3856 1

477 3844 501 3898 b.
521 3844 553 3896 ln
574 3840 684 3894 somniis
703 3839 819 3894 maxime
839 3839 951 3911 operari.
972 3841 996 3908 §.
1019 3833 1144 3897 12-13,

374 3976 377 3982 ,
410 3942 460 3992 ry.
474 3921 516 3976 De
542 3928 617 3991 parte
643 3919 771 3974 sensitiva
797 3920 839 3972 sel
857 3917 884 3972 vi
911 3918 1035 3990 cupiendi
1059 3927 1087 3974 et
1112 3917 1271 3991 appetendi,
1297 3922 1430 3988 quaeest

475 3997 747 4072 particeps-rationis.
767 3999 791 4066 §.
814 3991 939 4054 15-18.

409 4076 453 4138 if.
474 4077 516 4134 De
536 4087 611 4150 parte
630 4077 755 4132 rationali
774 4093 822 4148 per
841 4094 878 4130 se.
899 4078 922 4144 i.
946 4069 997 4156 19.
1516 4125 1517 4136 .

260 4195 263 4202 ·
369 4185 398 4228 y.
417 4158 493 4220 Quae
513 4158 575 4212 inde
594 4157 728 4212 derivetur
747 4156 875 4210 virtutum
893 4154 1011 4226 partitio.
1045 4153 1181 4209 Virtutum
1201 4165 1260 4210 esse
1280 4153 1346 4210 duas
1368 4171 1430 4225 spe·
1516 4149 1517 4200 ἒ

419 4237 487 4292 cies:
508 4237 608 4292 scilicet
627 4253 718 4291 earum
738 4251 806 4307 qnae
826 4234 855 4288 in
871 4233 1088 4306 rationepositae
1109 4241 1180 4301 aunt,
1200 4242 1228 4292 et
1247 4251 1338 4288 earum
1358 4250 1430 4304 quae

350 4381 355 4390 ⁸
419 4317 454 4371 td
473 4333 562 4372 mures
581 4315 724 4386 pertinent.
744 4316 767 4382 §.
787 4307 837 4369 20.

269 4397 302 4452 Il.
324 4398 365 4451 De
385 4397 494 4452 virtute:
513 4395 621 4450 Liber
644 4393 826 4449 secundus.
1515 4439 1516 4444 ,

311 4471 337 4532 1.
359 4476 436 4539 Quae
455 4475 492 4532 sit
510 4493 591 4532 causa
609 4473 714 4530 virtutis
734 4479 762 4529 et
780 4469 917 4544 quomodo
937 4469 996 4542 ipsa
1015 4468 1142 4542 gignatur
1159 4467 1288 4526 mnobin
1302 4485 1325 4525 e.
1337 4462 1428 4526 1-4.
1514 4455 1516 4530 i
