3064 5036
338 1227 340 1232 ,
458 1117 957 1267 Commentarius!

680 1355 715 1410 sd

288 1491 560 1620 Aristotelis
592 1527 761 1618 lithica
791 1527 1109 1624 Nicomachea.

601 1761 798 1769 ——-——.-..

114 1849 347 1983 Νικομαχείων)
391 1892 427 1957 ln
450 1892 604 1974 ordinem,
628 1895 682 1981 qui
704 1915 789 1962 nunc
810 1906 931 1978 exstet,
954 1899 1012 1967 hes
1033 1899 1214 1966 Aristotelis
1238 1901 1278 1965 de

113 2008 266 2075 Moribus
286 2005 517 2091 praelectiones
536 2007 673 2072 fortasse
694 2009 746 2073 vel
767 2003 941 2094 lilius'ejus
963 2005 1196 2091 Nicomachus,
1226 2014 1280 2097 qui

113 2145 136 2186 a
148 2119 380 2204 Theophrosto
393 2117 558 2182 institutus
572 2117 671 2183 libros
693 2119 793 2206 petris
807 2121 1040 2208 manuscriptos
1056 2123 1279 2209 Theophrasto

114 2232 300 2300 hereditate
320 2229 448 2296 relictos
470 2229 560 2294 edire
578 2229 694 2315 potuit.
729 2230 831 2298 Velsi
854 2235 1006 2299 maturius
1030 2227 1072 2298 in⁴
1086 2234 1170 2300 bello
1187 2235 1279 2302 occi-

116 2345 174 2425 dit,
198 2365 304 2430 quam.
320 2349 360 2406 ut
371 2342 443 2407 dioc
460 2341 568 2426 ipsimi
591 2342 717 2426 aggredi
736 2353 791 2408 eut
809 2344 975 2410 absolvere
994 2345 1145 2430 potuerit,
1169 2347 1280 2412 Theo-

114 2458 272 2543 phrastus
306 2462 362 2518 aut
393 2453 543 2538 perierit,
578 2474 659 2536 quae
683 2453 738 2518 ille
771 2453 919 2520 inchoata
948 2456 1091 2540 reliquit;
1128 2465 1183 2520 aut
1209 2457 1279 2542 ipse

119 2571 254 2634 omnem
281 2566 316 2630 in
346 2565 402 2630 his
425 2563 515 2630 libris
544 2585 674 2649 operam
691 2565 894 2645 consumsit,
929 2587 1048 2652 eosque
1078 2567 1215 2632 auctoris
1248 2579 1281 2632 et

118 2678 265 2766 magistri
293 2676 344 2742 sui
369 2676 435 2742 filio
458 2675 592 2742 dicarit.¹
629 2676 776 2740 Eandem
805 2675 892 2740 enim
915 2697 1046 2762 operam
1075 2678 1171 2744 etiam
1193 2680 1280 2745 Poli-

117 2793 191 2860 ticis
222 2789 373 2859 tribuisse
391 2787 548 2865 -ssvidelur,
581 2808 661 2872 quae
695 2785 872 2853 arctissime
904 2789 1023 2854 nostris
1057 2783 1130 2856 cum
1158 2791 1282 2858 Ethicis

118 2905 316 2972 cohaerens
353 2899 452 2985 (iujos
480 2899 526 2964 'rei
553 2907 590 2964 et
605 2899 676 2963 elia
693 2907 769 2965 sunt
786 2897 938 2986 vestigia,
966 2897 1001 2966 'et
1022 2901 1100 2966 illud
1127 2903 1282 2988 imprimis

119 3017 209 3103 quod
230 3005 376 3096 Πολιτιίςεί
399 3011 485 3096 apud
498 3009 678 3096 Diogenem
692 3011 858 3078 Laertiuim
880 3034 946 3078 non
968 3015 1073 3078 solum
1094 3013 1128 3080 in
1150 3015 1283 3080 elencho

115 3129 278 3194 librorum
292 3121 524 3208 cheophr'sso
555 3124 611 3207 (V,
641 3125 671 3208 p.
700 3125 774 3208 do),
807 3123 917 3191 verum
954 3125 1051 3192 etiam
1084 3125 1117 3190 in
1150 3127 1302 3194 elencho!

119 3239 290 3306 librorum:
304 3235 569 3302 drismteleornm
583 3236 671 3319 otii,
703 3236 734 3321 t.
761 3237 836 3322 24),
866 3245 900 3306 et
915 3237 1104 3323 ¹posteriore
1125 3241 1210 3305 'loco
1239 3239 1285 3304 ita

120 3355 313 3419 oomni:
340 3339 707 3432 ,Πολιτικῆςνᾶκρόἄσεως
732 3341 768 3427 ὡς
796 3342 815 3434 ἡ
843 3343 1051 3432 Θεοφράστου.
1101 3351 1292 3448 Explioobis
1347 3353 1350 3360 '

120 3465 220 3550 igitur
248 3459 464 3548 Νικομαχεῖων.
480 3463 617 3538 nomen,
650 3468 723 3524 utro
753 3461 889 3526 volueris
922 3461 1031 3526 modo.
1079 3461 1285 3528 verisimilior

123 3598 205 3642 sane
229 3573 320 3660 prior
347 3571 533 3658 explicatio,
571 3590 643 3636 curn
670 3572 769 3637 etiem
796 3573 961 3638 Eudemus
990 3574 1161 3658 discipulus
1192 3573 1285 3637 aliam

122 3684 310 3753 Aristotelis
333 3685 468 3764 seriore,
497 3693 534 3748 ut
555 3683 697 3764 videtur,
726 3693 872 3770 tempore
894 3685 1036 3750 habitam
1057 3685 1091 3749 in
1113 3675 1225 3770 Lyceo
1246 3683 1285 3750 de

122 3797 276 3864 Moribus
303 3797 551 3882 praelectionem
578 3796 613 3860 in
641 3795 786 3862 ordinem
814 3797 973 3881 redegerit
1000 3805 1033 3862 et
1062 3796 1181 3881 publici
1206 3796 1286 3882 juris

123 3909 255 3988 lecerit,
284 3907 579 3975 Ethioodlmlemie
606 3909 814 3974 nominatam
862 3909 936 3975 Oua
957 3909 990 3972 in
1013 3908 1154 3975 editione
1176 3907 1286 3974 Mora-

123 4024 203 4088 lium
225 4019 410 4088 Aristotelis
432 4020 547 4085 Ethica
568 4019 785 4085 Nicomaohea
807 4041 903 4104 saepe
926 4019 1139 4104 explicantur,
1158 4011 1288 4106 jamque

125 4133 240 4220 incipit
263 4127 356 4218 quod'
369 4131 460 4216 plura
481 4139 558 4216 post
575 4131 706 4196 saecule
734 4131 768 4196 in
790 4129 964 4196 Andronici
986 4131 1104 4197 Rhodii
1126 4133 1288 4217 Peripate-

126 4245 184 4312 tici
196 4242 395 4328 Par'aphrasi
411 4243 550 4328 apertius
569 4242 715 4310 cernitm.
749 4243 824 4308 Nec
834 4243 896 4308 clia
910 4251 961 4308 est
974 4243 1166 4328 Magnorum
1177 4245 1287 4310 Mora-

130 4357 209 4422 lium
242 4354 383 4422 conditio
391 4402 409 4434 ,.
429 4353 513 4419 ratio
533 4363 576 4419 =et
596 4354 688 4420 linis.
711 4405 713 4412 ,
743 4354 911 4420 Garuirrae
933 4365 1015 4420 sunt
1042 4352 1289 4442 uniuscujusque

132 4469 249 4536 horum
279 4487 412 4555 operum
441 4465 650 4546 sententiae‚.
666 4466 724 4530 sed
752 4465 913 4552 ipsissima
934 4466 1115 4534 Aristotelis
1144 4465 1240 4533 verbs
1262 4467 1292 4557 is¹

159 4589 750 4640 commerearanstmhieasicomedmfichelel.
1073 4573 1087 4628 1
